2896 4980
471 316 694 383 Altonum.
739 315 830 381 Llll.
855 314 904 380 11.
928 318 981 381 16.
1176 320 1241 385 OEd

196 490 243 565 At
258 492 340 565 sine
358 502 409 577 ta,
428 492 601 588 quamvis
619 490 767 587 operosi
785 491 924 565 vitibus
939 491 1017 589 agri

241 606 307 681 Me
325 618 492 694 teneant,
512 608 683 704 quamvis
700 608 874 681 amnibus
893 622 1138 695 arsenatem,

197 720 243 797 Et
257 734 368 797 vocet
385 723 423 797 in
441 724 538 797 rivos
557 733 751 820 parentem
771 723 932 796 rusticus
951 725 1103 810 undam,
1191 731 1239 799 35

242 838 469 937 Frigidaque
488 839 663 913 arboreas
681 840 844 912 mulceat
862 863 952 912 aura
968 864 1114 927 comas;

197 952 279 1028 Non
296 978 369 1052 ego
387 954 567 1051 Pelignus
584 955 713 1028 videor
730 954 920 1028 celebrare
938 956 1129 1031 salubres:

242 1069 278 1142 N
280 1095 331 1145 on
348 1094 420 1167 ego
437 1073 614 1156 natalem,
633 1095 719 1145 rura
736 1082 904 1169 paterna,
923 1073 1065 1160 locum;

196 1184 272 1261 Sed
291 1186 502 1285 Scythiam,
523 1186 740 1284 Cilicasque
757 1186 869 1273 leros
884 1187 1098 1286 viridesque
1118 1186 1201 1261 Bri-

243 1300 416 1400 Quaeque
427 1302 654 1378 Prometheo
665 1325 759 1375 saxa
769 1326 899 1377 cruore
910 1304 1057 1378 rubent.
1077 1305 1242 1398 [tauros

198 1416 331 1491 Ulmus
344 1429 446 1492 amat
462 1418 589 1504 vitem,
608 1417 694 1492 vitis
708 1442 784 1491 non
800 1418 942 1492 deserit
959 1419 1114 1494 ulmum.
1193 1424 1238 1495 41

244 1532 408 1633 Separor
425 1558 450 1608 a
465 1533 619 1607 domimi
638 1557 705 1607 cur
722 1556 794 1629 ego
811 1556 914 1630 saepe
936 1533 1042 1607 med?

196 1648 248 1723 At
263 1649 355 1723 mihi
374 1661 412 1723 te
430 1650 609 1723 comitem
621 1649 769 1745 juraras
787 1671 909 1744 usque
926 1647 1100 1733 futuram,

245 1764 321 1840 Per
338 1788 413 1852 me,
433 1789 575 1865 perque
592 1766 734 1851 oculos,
754 1764 879 1838 sidera
895 1776 1035 1852 nostra,
1054 1776 1152 1839 tuos.

197 1878 321 1955 Verba
338 1882 561 1979 puellarum,
581 1881 678 1955 soliis
695 1881 835 1955 leviora
851 1882 1017 1967 caducis,
1119 1908 1127 1920 ·
1196 1888 1245 1957 45

248 1996 369 2083 lrrita,
389 2022 466 2094 quo
483 1996 604 2069 visum
623 2008 694 2081 est,
713 2007 846 2070 ventus
865 2009 903 2070 et
921 1998 1023 2071 unda
1035 1996 1182 2073 serunt.-

201 2112 239 2185 Si
258 2137 336 2211 qua
352 2113 427 2188 mei
445 2125 572 2188 tamen
591 2125 649 2187 est
667 2113 704 2185 iu
722 2124 761 2187 te
779 2114 842 2210 pia
858 2136 949 2186 cura
966 2114 1103 2199 relicti3

249 2229 380 2327 lncipe
398 2230 576 2327 pollicitis
594 2230 733 2305 addere
751 2229 852 2304 facta
869 2231 960 2305 tuis:

202 2338 397 2442 Parvaque
409 2346 685 2444 quamprimum
698 2347 929 2445 rapientibus
940 2349 1074 2421 esseda
1087 2352 1246 2434 mannis,

249 2459 339 2559 lpsa
356 2484 425 2560 per
442 2462 625 2537 admissas
643 2474 803 2537 concute
821 2463 900 2535 lora
912 2464 1038 2559 jubas.
1199 2470 1248 2538 50

231 2664 273 2712 ³³.
285 2662 396 2719 Quamvis
406 2667 490 2725 operui
500 2667 584 2717 viritas
593 2670 646 2733 agri
660 2668 700 2717 rlle
750 2666 799 2717 xiv.
818 2666 859 2717 25.
881 2664 974 2733 infectos
981 2684 989 2724 ,·
1014 2665 1133 2715 Martialis
1153 2668 1251 2728 depictas

198 2740 309 2803 tenuat]
329 2740 444 2789 Ostendit
457 2748 529 2790 aetate
544 2757 589 2791 sua
603 2740 627 2791 in
644 2758 700 2809 egro
750 2750 819 2791 vocat
830 2742 965 2791 Britannos.
999 2740 1089 2788 Arrun.

199 2810 700 2870 wwnemvineasssssinnunembres,
783 2817 824 2863 44.
848 2815 937 2877 Perque
963 2816 1046 2870 scidas,
1065 2816 1139 2862 sidera
1165 2823 1251 2868 nostra,

199 2894 226 2935 rrt
245 2886 277 2935 sd
297 2888 361 2938 lrune
383 2904 476 2953 quoque
498 2887 563 2938 diem
584 2891 698 2941 ridemus·
751 2887 820 2951 tuos]
844 2888 977 2953 legebatur
992 2887 1058 2944 olim,
1069 2902 1151 2949 perque
1169 2889 1251 2941 orclas,

200 2954 285 3011 eron·
750 2966 790 3027 qui
806 2979 911 3026 rapuere,
929 2972 986 3017 tuos,
1006 2960 1173 3013 subintellecto
1198 2978 1251 3027 pro·

229 3034 329 3085 &Sed
340 3034 467 3099 Scythiam,
480 3036 698 3102 Cilicanpressrss.]
752 3053 814 3086 nom.
830 3054 864 3084 me
873 3055 881 3094 ;
900 3036 964 3102 quod
981 3044 1008 3084 ut
1024 3034 1186 3089 duriusculum
1203 3052 1251 3087 res-

200 3106 277 3159 credo
292 3126 339 3174 ego
360 3110 460 3158 Podtam
482 3110 513 3160 ad
533 3111 641 3177 propiora
662 3126 699 3159 rc·
752 3127 826 3176 puens
844 3110 945 3167 Marius,
963 3125 976 3159 e
993 3108 1144 3162 vetustissimi
1164 3108 1253 3160 codicis

199 3182 316 3249 spaniae:
335 3192 418 3251 utpote
429 3183 561 3249 piraticam,
571 3200 643 3249 quam
660 3184 701 3233 Ci-
752 3183 902 3239 auctoritate,
919 3184 960 3253 qui
976 3199 1039 3232 nunc
1055 3182 1148 3247 legitur,
1160 3199 1252 3233 versum

199 3254 354 3322 limpassim
370 3272 414 3323 per
425 3265 500 3306 totum
510 3274 575 3307 mare
587 3274 699 3307 exercue·
752 3256 861 3309 restituit.
895 3258 984 3307 duan.

199 3336 263 3379 matr
280 3328 391 3379 deseca
408 3330 520 3397 Pompejo
535 3330 632 3388 devicti,
642 3341 666 3380 et
677 3331 701 3379 in
785 3332 825 3381 49.
847 3331 952 3395 Euadn]
978 3330 1061 3379 Genus
1078 3329 1182 3380 vehiculi
1200 3332 1253 3381 Bri-

199 3402 305 3453 edm
326 3402 420 3454 redacti
446 3405 521 3454 lucre.
557 3406 701 3471 Quanquam
753 3404 850 3462 tanniei,
861 3414 887 3453 ut
898 3414 964 3471 patet
980 3420 1012 3454 ex
1024 3404 1132 3469 Propert.
1142 3404 1184 3453 lib.
1195 3406 1222 3455 ii.
1235 3407 1252 3454 i.

199 3476 292 3529 enlin
306 3477 376 3529 efferi
392 3477 465 3527 iidem
481 3479 555 3536 luere,
572 3480 701 3546 presertim
753 3480 794 3530 ⁸6.
805 3480 935 3529 scribente:

199 3550 239 3617 qui
248 3552 362 3602 interiora
372 3550 464 3601 Cilicis
475 3553 506 3601 ad
515 3553 619 3602 Taurum
636 3569 702 3603 mon·
787 3554 868 3603 Eseda
880 3557 964 3603 salutis
972 3557 1023 3602 siste
1035 3553 1150 3602 Britanna
1154 3557 1233 3618 jugis.

198 3632 246 3675 len
255 3624 407 3675 habitarunt.
441 3625 556 3675 Mantus.
755 3628 777 3676 A
788 3629 872 3694 quovis
889 3630 969 3685 etiam,
986 3630 1036 3678 sive
1053 3627 1110 3684 viro,
1127 3628 1177 3676 sive
1195 3628 1255 3675 adeo

231 3698 364 3763 Viridaqns
392 3696 536 3763 Britannos]
563 3700 651 3756 Cesar,
674 3699 704 3750 de
755 3702 850 3759 femina,
865 3702 1065 3766 quemadmodum
1084 3702 1139 3750 hinc
1154 3709 1254 3753 constat,

198 3772 343 3825 uellem.
360 3790 385 3822 r.
404 3774 447 3821 tl:
467 3780 486 3802 “
500 3775 591 3824 Omnes
607 3791 662 3824 vero
678 3791 704 3824 se
754 3776 794 3842 agi
814 3776 915 3841 velrique
942 3775 1045 3830 solitum,
1067 3776 1156 3837 absque
1183 3789 1255 3840 opera

198 3846 305 3899 Britanni
322 3851 386 3897 citro
406 3846 522 3906 inliciunt,
543 3848 609 3915 quod
628 3864 702 3898 caeru·
755 3849 873 3905 mulionis,
884 3859 925 3899 aut
936 3848 1033 3913 surige.
1056 3850 1156 3897 Dorzr.
1185 3846 1255 3900 Man-

198 3922 259 3975 leu
268 3922 345 3975 efficit
355 3921 468 3979 colorem,
480 3932 553 3990 atque
567 3923 612 3973 hoc
629 3923 701 3973 horri-
752 3928 801 3973 nis:
818 3924 923 3972 Mannus
940 3933 977 3971 est
986 3938 1061 3986 equus
1073 3919 1173 3976 brevior,
1183 3936 1255 3985 quent

196 3996 325 4049 limosum
339 3996 368 4047 in
383 4012 465 4063 pugna
480 3997 622 4065 adspectu.”
653 3998 702 4047 Ubi
753 3999 824 4063 vulgo
842 3998 979 4049 Bariclunr,
999 3997 1036 4045 vel
1057 3996 1194 4045 Buriclriunr
1212 4011 1253 4043 rc-

196 4070 248 4123 vil·
266 4088 324 4143 quo
346 4070 494 4122 sdmrrrunt
513 4072 586 4122 nostri
601 4073 703 4122 Caesaris
752 4082 816 4122 cant.
834 4072 895 4121 Isid.
916 4071 956 4120 rii.
976 4070 993 4118 ἰ.
1013 4069 1105 4123 Graecis
1118 4077 1153 4120 est
1172 4070 1255 4137 Βουρί-

196 4146 421 4199 mim-Unde
450 4148 555 4214 Propert.
583 4148 607 4197 ii.
631 4150 700 4209 Ηυξ.
753 4166 807 4213 χος.
840 4148 929 4199 Anas.

225 4230 302 4281 l'OL.
315 4230 340 4279 l.
842 4228 887 4277 fc

156 4492 556 4664 ,u
958 4360 1306 4664 ῥ’
