2896 4980
420 412 425 419 ·
499 376 758 446 HEROIDES.
782 381 853 446 ΕΡ.
877 380 959 449 VII.
1205 388 1248 454 81

209 550 345 625 Certus
358 576 399 626 es
416 551 471 626 ire
487 563 625 640 tamen,
640 554 890 652 miseramque
903 557 1112 657 relinquere
1127 560 1245 636 Dido:

256 665 383 765 Atque
400 669 501 743 idem
518 669 618 744 venti
636 670 720 745 vela
736 670 926 768 fidemque
943 671 1075 748 ferent.

208 784 344 859 Certus
362 810 416 873 ee,
436 787 567 872 AEnea‚
587 812 672 861 cum
690 787 829 862 foedere
847 789 990 862 solvere
1009 814 1139 867 naves:

256 899 426 998 Quaeque
444 904 508 976 ubi
526 903 601 976 sint
618 903 754 989 nesciS,
774 903 872 976 Itala
888 927 1003 1000 regna
1019 906 1140 1003 sequi.
1202 913 1247 981 10
1304 900 1309 905 ’

207 1016 289 1091 Nee
308 1041 403 1090 nova
421 1017 624 1114 Carthag0‚
645 1043 714 1092 nec
734 1032 771 1092 te
789 1020 998 1094 crescentia
1013 1031 1173 1118 tangunt

255 1131 418 1220 Moenia3
448 1157 518 1228 nec
537 1144 686 1231 sceptro
703 1134 841 1207 tradita
857 1160 1004 1209 summa
1019 1147 1096 1210 tu0.

207 1247 323 1323 Facta
339 1248 458 1345 sugis;
488 1249 659 1323 iacienda
675 1252 785 1348 petis.
814 1252 1017 1348 quaerenda
1033 1276 1100 1350 per
1117 1253 1247 1328 orbem

253 1363 396 1451 Altera,
415 1367 574 1462 quaesita
591 1376 650 1439 est
667 1367 784 1441 altera
800 1379 899 1441 terra
914 1368 995 1441 tihi.

206 1479 260 1554 Ut
270 1493 406 1555 terrum
418 1482 596 1569 inveniere,
606 1483 691 1582 quis
702 1507 785 1557 eum
800 1484 868 1556 tibi
879 1485 1001 1557 tradet
1011 1485 1245 1559 habendam?

254 1596 348 1682 Quis
366 1624 526 1673 sunnon
543 1602 640 1674 notis
660 1625 746 1674 arva
762 1602 925 1674 tenenda
941 1600 1071 1673 dabit?
1201 1605 1244 1675 16

203 1713 308 1788 Alter
325 1715 521 1791 habendus
539 1742 643 1791 amor
659 1717 727 1791 tibi
746 1726 874 1802 restat,
894 1728 932 1790 et
949 1717 1066 1789 altera
1083 1716 1208 1790 Dido:

253 1827 452 1929 Quamque
470 1832 603 1906 iterum
621 1832 739 1919 fallen
759 1833 877 1906 altera
893 1832 1018 1906 danda
1033 1831 1139 1905 fides.

200 2130 244 2182 lib.
255 2131 306 2181 viii.
341 2132 513 2183 Mirerenimet
527 2146 698 2200 pauperaretur
810 2137 966 2200 giuuam.

199 2216 239 2264 est,
260 2210 299 2270 qui
320 2208 411 2257 nullum
432 2210 523 2258 verbum
543 2228 603 2274 equo
623 2214 697 2259 mrim
747 2208 810 2259 Vide
826 2209 928 2260 Cerdum
943 2209 974 2259 ad
990 2225 1015 2257 v.
1034 2209 1093 2264 437.
1112 2223 1159 2258 non
1179 2208 1244 2257 inve·

193 2283 381 2344 'mmm
746 2293 814 2334 nuete
832 2301 925 2350 quoque
946 2284 991 2332 hoe
1012 2283 1064 2332 loco
1083 2283 1244 2339 Inveniennis,

235 2356 273 2403 ll.
292 2357 341 2405 Nee
357 2367 379 2405 te
389 2361 511 2406 crescentia
521 2367 621 2423 tangunt
637 2359 695 2408 Me·
746 2375 786 2407 nec
796 2375 845 2406 mea
857 2359 980 2424 Carthago,
988 2357 1052 2422 quod
1062 2356 1198 2406 conveniret
1207 2374 1245 2406 ee·

200 2429 263 2492 nie.]
276 2429 350 2478 Dicee
359 2430 449 2479 rnoenia
459 2447 509 2480 esse
520 2430 639 2480 animata!
650 2431 696 2480 Sed
746 2431 886 2495 quentibue:

199 2501 267 2551 reite.
292 2501 431 2552 Aristotelen
441 2504 503 2554 enim
513 2505 557 2554 lib.
569 2505 604 2554 iii.
631 2505 696 2554 Rhe·
778 2505 1121 2568 Sceptrotmditarummatuo.

199 2575 325 2625 toriconrm
350 2577 411 2626 inter
434 2593 475 2626 eus
495 2578 589 2643 figurae,
612 2579 697 2644 quibus
745 2578 817 2627 Suum
837 2579 901 2628 enim
921 2587 1012 2643 poterut
1032 2578 1117 2625 AEnere
1141 2574 1243 2624 tradere.

198 2651 272 2699 oratio
289 2651 427 2710 illustretur,
437 2652 503 2717 ponit
511 2668 573 2711 eum,
584 2663 611 2703 ut
628 2655 697 2704 rebus
746 2651 793 2701 Sed
812 2669 870 2701 nova
890 2668 937 2700 non
962 2659 1049 2699 temere
1075 2647 1243 2715 rejiciendum:

198 2740 268 2774 tenen
289 2727 423 2775 carentibus
442 2725 510 2776 detur
533 2743 623 2778 sensus¹
656 2727 696 2776 Sic
746 2740 801 2774 num
811 2726 907 2791 respicit
917 2727 975 2775 sorte
991 2725 1022 2773 nd
1031 2726 1134 2789 Etymon
1143 2722 1244 2773 Carthe-

199 2797 268 2864 Virg.
279 2799 321 2848 lib.
332 2799 350 2847 i.
369 2799 467 2849 AEneid.
480 2801 536 2849 437.
552 2801 615 2850 unde
631 2801 696 2851 locus
745 2799 814 2863 ginis,
822 2815 875 2863 qun
886 2797 967 2863 lingua
977 2796 1101 2847 Pnoenieia
1110 2813 1190 2845 nouam
1202 2814 1242 2844 ur-

198 2871 237 2921 hic
248 2889 371 2939 expressus
385 2883 428 2931 est,
439 2873 496 2922 item
512 2875 543 2924 de
553 2875 696 2939 Carthagine
746 2874 793 2920 bem
807 2880 881 2920 notet.
899 2871 963 2936 quod
980 2880 1005 2919 et
1019 2870 1108 2919 Douue
1126 2868 1243 2934 placuisse
1273 2937 1274 2940 Ἴ

198 2945 246 2994 ait:
745 2955 826 3012 putee
842 2945 901 2994 vidi.
935 2945 998 2994 Vide
1013 2944 1086 2994 Solin.
1104 2944 1146 2992 27.
1164 2951 1189 2991 et
1209 2943 1243 2992 ibi

232 3020 252 3067 0
252 3018 382 3085 fortunati,
392 3023 694 3083 quemmjmmoent'nrur-
744 3019 893 3069 suminam.
924 3018 1015 3067 Bunir.

261 3103 332 3159 gunt.
779 3094 818 3142 16.
836 3091 1027 3154 Aniciorum]
1048 3089 1243 3154 Regrmtenenda,

198 3167 379 3216 muninus.
629 3186 632 3195 ·
745 3177 792 3216 tres
806 3166 936 3222 librinrua
952 3166 1053 3221 colenda,
1073 3179 1134 3212 unus
1143 3163 1242 3213 Vatica-

230 3240 594 3306 Il'nncoepteaerurguntturm.
621 3240 692 3290 (1101.
744 3258 797 3291 nus.
819 3250 844 3289 et
861 3239 972 3288 Mentelii
990 3239 1050 3288 ulter
1067 3240 1166 3287 tuende:
1183 3238 1242 3287 nihil

196 3314 328 3381 surgentia,
345 3313 421 3363 codex
432 3314 531 3379 Regius,
544 3314 693 3364 101111ιυί110-
743 3324 818 3365 mutu.
844 3314 931 3367 ‚Tenere
942 3312 1005 3362 eninr
1015 3312 1133 3378 proprium
1145 3315 1242 3362 verbum

196 3405 248 3439 rum
258 3391 381 3439 verborum
397 3388 460 3454 apud
471 3389 591 3438 Naronem
600 3404 693 3454 permu-
743 3405 833 3455 regum,
841 3398 867 3438 ut
877 3387 1033 3437 notieuimum.
1050 3385 1134 3437 eadem
1142 3387 1243 3436 varietas

196 3462 293 3513 tutione.
317 3462 389 3526 idque
406 3462 492 3512 rectius
508 3472 574 3529 puto.
607 3462 692 3512 Horet.
743 3464 807 3531 apud
818 3465 909 3513 Lucan.
919 3462 954 3514 ix·
966 3461 1024 3509 440.

196 3534 232 3584 iii.
244 3536 292 3585 0d.
305 3536 339 3585 iii.
488 3554 494 3567 ·
839 3536 923 3584 Nudus
933 3552 991 3583 mre
1002 3543 1071 3583 terret.

204 3653 205 3658 ,
230 3610 619 3676 Terrirerurgatmururaleneus,
742 3607 962 3659 uuicodexvonii
972 3609 1243 3673 celtt.pretereatenere

228 3687 326 3735 Auctore
337 3685 425 3734 Pleno.
741 3681 851 3732 convenit
879 3681 1022 3747 precedenti
1049 3682 1121 3730 verbo
1144 3680 1243 3744 Habere,

196 3759 228 3807 Et
237 3758 349 3809 Nosteri.
360 3760 426 3807 Fast.
437 3758 493 3807 52³.
745 3757 813 3823 cujus
822 3756 906 3806 eedem
917 3756 961 3813 vie,
973 3765 998 3805 et
1008 3755 1072 3820 quod
1086 3755 1148 3803 niele
1159 3754 1243 3801 Douze

216 3833 355 3895 ‚Euemeriae
367 3833 434 3895 Trqy'u
446 3847 556 3898 remiget.
745 3830 842 3895 entique
859 3830 937 3885 sumit,
948 3845 989 3895 pro
999 3830 1110 3875 habiture.
1126 3842 1181 3875 curn
1193 3825 1243 3889 ipee

195 3905 227 3954 Er
248 3905 305 3954 alibi
332 3908 429 3971 pterim.
451 3904 537 3969 virgil.
557 3903 575 3952 i.
597 3901 695 3952 AEneid.
744 3903 801 3953 11111.
814 3904 869 3951 163.
886 3904 1008 3950 nauium
1019 3900 1121 3966 explicet
1128 3900 1241 3961 possiden·

196 3977 254 4026 366.
745 3979 806 4026 dum.
822 3973 896 4024 Ovid.
908 3974 926 4021 i.
938 3975 1039 4020 Metam.
1054 3972 1108 4019 197.

378 4048 690 4115 Ubinunringentineenee
779 4049 1100 4109 Quimtatwqueregonu.

230 4122 324 4179 Hm,
336 4132 506 4188 urgentemque
521 4139 581 4173 noue
594 4123 693 4172 canla-
746 4125 820 4174 Erite
830 4120 920 4171 centies
931 4120 1016 4168 Noster
1025 4125 1050 4167 et
1060 4117 1110 4166 alii.
1143 4117 1233 4168 111111.
