2896 4980
234 300 305 367 tat
529 302 570 369 Ρ.
591 301 755 367 OVIDII
777 302 992 370 NASONIS
1050 302 1053 311 '

238 471 386 549 Palleat
401 475 523 547 omnis
540 497 690 550 amans:
718 475 779 550 laio
795 485 856 551 cst
871 477 976 551 color
991 487 1102 575 aptus
1120 480 1276 553 amanti.

290 587 364 664 Hic
382 589 511 665 decet:
540 591 612 667 hoc
628 591 734 665 vultu
750 614 826 664 non
842 592 1004 666 valuisse
1021 604 1168 690 putent.
1204 588 1289 667 '730

240 702 412 779 Pallidus
429 706 467 778 in
487 705 622 804 Lyri'ce
640 705 755 803 sylvis
774 705 922 780 enabat
940 707 1094 783 Orion:¹

291 818 463 895 Pallidus
481 821 520 895 iu
538 823 641 896 lentd
661 820 785 896 Naide
804 821 977 920 Daphnis
995 833 1085 897 erat.

241 935 389 1034 Arguat
405 948 446 1012 et
461 939 602 1024 macies
620 940 806 1012 animum:
833 961 904 1012 uec
921 948 1032 1036 turpe
1049 940 1206 1038 putaris,

291 1050 492 1126 Palliolum
510 1053 638 1126 nitidis
656 1053 881 1151 imposuisse
897 1047 1028 1127 comis}

240 1168 450 1242 Attenuant
461 1169 642 1265 juvenum
660 1167 823 1263 vigilatae
840 1190 998 1264 corpora
1014 1178 1161 1255 noctes;
1214 1172 1291 1242 735

292 1282 483 1380 Curaque,
503 1292 542 1356 et
559 1307 580 1355 e
598 1306 734 1378 magno
752 1282 817 1378 qui
835 1281 880 1354 fit
895 1305 1034 1370 amore,
1052 1283 1169 1356 dolor.

244 1396 299 1470 Ut
315 1408 402 1471 voto
420 1398 564 1497 potiare
583 1409 659 1484 tuo,
678 1398 902 1471 miserabilis
921 1407 1020 1473 esto:

293 1513 360 1599 Ut,
380 1514 446 1612 qui
463 1525 501 1588 te
518 1514 656 1600 videat,
674 1514 800 1588 dicere
819 1515 951 1613 possit,
970 1516 1100 1588 Amas.

242 1626 728 1726 Conquerar,anmoneam,
737 1629 960 1702 mixtumfas
967 1654 1078 1703 omne
1085 1623 1293 1727 nefasque?

289 1743 439 1818 Nomen
456 1744 623 1819 amicitia
636 1757 706 1832 est,
724 1769 859 1819 nomen
877 1746 987 1821 inane
1004 1745 1111 1819 fides.
1212 1749 1289 1817 740

240 1857 315 1934 Hei
326 1860 434 1933 mihil
454 1885 529 1935 non
539 1872 661 1934 tutum
669 1874 728 1936 est
740 1863 843 1959 quod
854 1862 1131 1949 ames,laudare
1143 1859 1284 1933 sodali:

292 1976 391 2048 Cum
410 1977 478 2050 tihi
497 1978 664 2051 laudanti
683 1977 853 2064 credidit,
873 1979 954 2074 ipsc
973 1977 1086 2050 subit.

242 2090 294 2163 At
312 2115 387 2165 non
405 2093 603 2165 Actorides
622 2094 760 2166 lectum
779 2095 975 2167 temeravit
992 2093 1167 2165 Achillis:

145 2198 146 2202 '
291 2204 483 2290 Quantum
502 2209 549 2281 ad
569 2208 791 2293 Pirithoum,
812 2208 974 2283 Phaedra
991 2209 1130 2306 pudica
1144 2206 1227 2279 fuit.

241 2318 484 2395 Hermionem
492 2321 670 2421 Pylades,
681 2347 756 2420 quo
764 2323 1109 2409 PalladaPhoebus,
1119 2322 1291 2395 amabat:

293 2435 481 2535 Quodque
495 2438 563 2511 tibi
575 2439 759 2535 geminus,
771 2439 950 2536 Tyndari,
964 2438 1099 2511 Castor
1110 2447 1202 2510 erat.
1215 2440 1289 2508 746

236 2552 286 2625 si
307 2554 393 2651 quis
411 2554 511 2628 idem
530 2565 672 2653 sperat3
697 2557 867 2651 jacturas
885 2578 997 2654 poma
1013 2553 1175 2650 myricas

293 2669 447 2766 Speret:
477 2672 571 2743 etin
591 2671 715 2744 medio
733 2672 886 2745 flumine
905 2670 1017 2745 mella
1034 2678 1150 2767 petat.

243 2783 320 2871 Nil,
332 2785 403 2857 nisi
416 2796 526 2883 turpe
538 2789 663 2882 juvat:
683 2811 782 2860 curae
796 2800 855 2861 est
872 2811 940 2860 sua
951 2786 1089 2882 cuique
1102 2785 1288 2880 voluptas.

293 2898 388 2973 Haec
407 2925 560 2998 quoque
579 2903 626 2974 ab
645 2902 798 2975 alterius
817 2914 923 2999 grata
939 2901 1066 2975 dolore
1084 2899 1197 2972 venit.
1215 2903 1289 2970 750

275 3085 333 3133 730.
352 3085 403 3133 Hoc
413 3088 488 3134 decem
506 3087 545 3133 hoc
564 3086 632 3132 inulti
646 3103 691 3133 nan
704 3104 740 3134 uo-
790 3086 829 3136 De
848 3087 931 3152 Lyrice
948 3085 1007 3134 nihil
1026 3084 1111 3148 legisse
1129 3099 1167 3130 ure
1183 3080 1290 3131 memini.

243 3161 309 3207 luisse
317 3161 423 3222 putant]
444 3161 527 3209 Forte:
791 3161 920 3209 Harusrus.
954 3160 1092 3207 Parrhasius
1113 3156 1143 3204 ad
1162 3154 1289 3204 Claudiani

276 3233 323 3280 Hic
342 3236 414 3290 decet,
434 3235 473 3281 hoc
497 3236 562 3282 uultu
582 3251 626 3280 uon
645 3235 741 3282 calidus
790 3235 834 3283 lib.
846 3235 873 3282 ii.
885 3235 915 3283 de
927 3236 1003 3300 Rapt.
1016 3249 1075 3281 vers.
1089 3232 1142 3279 191.
1152 3230 1224 3293 legit:

306 3316 396 3366 putent.
825 3309 933 3357 Pallidus
961 3312 984 3355 iu
1007 3310 1094 3370 lyncem
1116 3306 1179 3352 silvia
1199 3306 1290 3352 erruhat

243 3377 336 3425 lix-hoc
343 3380 411 3427 vultu
422 3378 535 3443 colligant
545 3395 573 3428 ac
584 3381 743 3445 persuadeam·
858 3382 939 3428 Orion.
1208 3396 1214 3409 ¹

241 3459 283 3500 tur
300 3450 386 3515 puellae
403 3461 425 3499 te
444 3467 490 3499 nou
509 3453 595 3509 valere,
611 3463 634 3500 et
653 3470 741 3517 regrum
792 3454 824 3502 Et
833 3454 939 3519 exponit,
952 3469 1006 3500 cum
1022 3451 1108 3500 Dianae
1126 3467 1205 3500 comes
1216 3465 1289 3497 vena-

243 3529 354 3587 eas'eprae
365 3524 483 3573 nimiosui
496 3541 582 3573 amare.
617 3526 708 3574 Herus.
793 3535 863 3583 retur,
874 3525 948 3591 ipsius
957 3526 1016 3573 Dete
1027 3539 1083 3572 cura
1093 3523 1243 3588 carpebatur.
1261 3522 1292 3568 de

277 3598 333 3648 7³1.
352 3597 458 3647 Pallidus
475 3602 500 3646 in
512 3600 612 3662 Luricen
628 3602 696 3662 sylvis
706 3618 745 3649 er·
792 3598 921 3664 Daphnide
939 3613 1033 3663 quoque
1051 3596 1157 3644 fabulam
1176 3595 1289 3659 explieat.

244 3675 310 3720 mbas
322 3672 418 3735 Otium]
432 3672 489 3720 Noti
501 3680 556 3720 sunt
567 3673 665 3720 Amores
674 3675 741 3721 Orio·
792 3673 881 3720 Buau.

244 3746 288 3804 nis,
297 3747 338 3812 qui
348 3746 486 3811 OEnopionis
495 3746 567 3794 tiliam
578 3745 668 3810 pendite
677 3762 743 3795 arna-
825 3746 883 3794 7³4.
903 3743 1014 3790 Pileolum
1025 3745 1105 3789 nitidis
1118 3744 1243 3804 imposuisse
1254 3758 1290 3788 co-

244 3820 283 3876 rit,
296 3837 369 3885 quam
379 3822 494 3885 Meropen
506 3820 554 3876 alii,
567 3819 708 3868 Parthenius
718 3819 742 3868 in
793 3817 858 3881 mia]
880 3818 1004 3864 Palliolum
1025 3817 1127 3865 melioris
1147 3826 1207 3865 note
1225 3815 1290 3862 libri.

244 3893 458 3958 Eroticiscap.xr.
491 3894 562 3942 Haero
571 3893 684 3959 appellat.
701 3894 743 3942 sed
793 3908 838 3941 nec
855 3890 962 3946 dubium,
980 3890 1038 3956 quin
1056 3900 1129 3939 recte.
1162 3889 1210 3947 Qui
1227 3889 1290 3936 enim

244 3977 269 4014 at
282 3966 335 4014 Sida
348 3966 428 4015 Danai
443 3965 493 4014 filia
510 3968 541 4014 ab
558 3967 663 4032 antiquis
678 3983 743 4015 com·
793 3966 890 4013 infirma
903 3965 1044 4014 valetudinis
1053 3973 1129 4022 eraut,
1140 3963 1242 4031 palliolis
1249 3964 1290 4011 oh·

245 4048 396 4095 memoratur,
411 4057 464 4104 qua
485 4041 568 4091 Orioni
585 4041 700 4106 nupserit,
719 4052 744 4090 et
794 4039 915 4088 nubebant
925 4047 1006 4104 caput.
1041 4038 1131 4086 llarus.
1174 4096 1177 4101 ‚

243 4112 306 4160 Sidae
323 4111 414 4162 civitati
424 4113 524 4162 Βωοίίω
537 4130 624 4163 nornen
641 4114 743 4163 dederit.
