2896 4980
491 376 748 445 HEROIDES.
773 381 843 446 ΕΡ.
867 382 970 449 XIV.

1187 392 1252 456 179

211 545 417 637 Permane,
435 576 504 650 per
520 563 648 640 terras,
668 566 903 653 cognataque
921 558 1230 652 flaminicarum

261 664 468 754 Datmare,
487 670 578 742 dant
595 694 735 756 amnesi,
755 671 821 743 dat
837 673 905 744 tibi
923 684 1021 747 terra
1037 676 1147 751 viam

211 779 304 865 Quae
321 783 391 857 tibi
408 807 543 857 caussa
559 785 682 881 fugae?
710 787 801 881 quid
819 786 863 859 lii
880 787 974 862 freta
991 792 1101 888 longa
1123 818 1248 891 perer-

203 944 211 955 ·
259 895 296 968 N
299 923 346 970 on
364 901 502 997 poteris
520 901 642 973 vultus
662 901 825 997 effugere
843 903 926 1001 ipsa
941 918 1039 980 tuos.
1142 912 1247 1004 [rasi

209 1008 351 1100 Inachi,
364 1039 440 1112 quo
451 1017 792 1114 properasleadem
804 1021 1049 1118 sequerisque
1060 1022 1246 1122 iugisque.

257 1128 314 1203 Tu
332 1131 400 1204 tibi
418 1133 495 1206 dux
513 1133 664 1208 comiti:
693 1145 733 1206 tu
752 1158 878 1207 eomes
896 1136 979 1233 ipsa
995 1139 1094 1211 duci.
1179 1145 1246 1212 106

208 1242 283 1318 Per
299 1258 444 1344 septem
464 1247 573 1320 Nilus
591 1260 720 1346 portus
739 1250 897 1323 emissus
916 1252 954 1323 in
972 1277 1099 1350 aequor

257 1359 374 1434 Exuit
391 1362 530 1436 insanae
549 1363 692 1461 pellicis
710 1390 775 1439 ora
791 1367 888 1440 bovi.

208 1476 351 1553 Ultima
367 1481 458 1577 quid
477 1481 645 1567 reseram,
664 1506 824 1578 quorum
842 1483 931 1555 mihi
949 1508 1045 1557 cana
1062 1495 1236 1558 senectus

255 1594 418 1669 Auctor?
445 1598 536 1670 dant
553 1598 638 1670 anni
659 1597 758 1693 quod
777 1622 923 1694 querar,
943 1624 1045 1685 ecce,
1065 1601 1151 1673 mei.
1176 1605 1247 1673 llO

206 1710 315 1786 Bella
331 1724 438 1811 pater
464 1725 696 1811 patruusque
724 1726 877 1809 gerunt:
907 1740 1099 1813 regnoque
1117 1717 1246 1790 domo-

255 1828 447 1903 Pellimur.
476 1831 616 1926 ejectos
634 1830 786 1903 ultimus
804 1833 904 1904 orbis
924 1834 1049 1907 habet.

239 2067 292 2116 10³.
309 2067 371 2122 th
383 2068 481 2134 llisrets
490 2071 556 2134 longa
565 2086 668 2131 perenm
675 2069 697 2132 l]

203 2139 243 2189 An
254 2140 301 2197 lte,
314 2151 341 2190 nt
358 2142 384 2189 in
394 2143 440 2198 lbi,
450 2143 551 2208 primam
567 2143 636 2209 hujus
649 2143 699 2191 ‹lic-

202 2213 273 2264 tionis
291 2215 417 2281 sompniis
433 2232 464 2264 sn
475 2233 529 2266 vero
546 2233 590 2264 vox
607 2226 643 2266 est
658 2234 699 2266 ex·

202 2289 342 2340 clamantist
367 2290 508 2339 onsrius.
548 2292 637 2339 lovan.
665 2294 700 2340 vel

201 2366 257 2428 quid
269 2357 337 2431 Μ
357 2367 435 2431 longo.
469 2365 564 2422 Mureti,
585 2384 632 2429 que
653 2370 698 2423 slis,

194 2438 291 2504 svstol.
302 2457 327 2501 p.

237 2513 290 2562 107.
307 2514 422 2562 Demisrus
443 2515 468 2560 in
486 2515 581 2578 upum]
602 2514 699 2563 Emissos

201 2586 382 2652 prestantiores.
420 2585 463 2635 sed
489 2603 581 2635 versum
613 2587 699 2637 nimius

201 2660 362 2725 spnndoenrum
381 2676 508 2709 concursus
528 2661 697 2725 languidiorem

201 2733 267 2792 istit,
286 2733 358 2799 idque
378 2744 462 2799 preter
478 2736 581 2783 Nasonis
599 2751 695 2783 morem.

201 2806 281 2874 opinor
291 2824 305 2856 a
316 2807 419 2857 Nasonis
427 2823 499 2856 manu
509 2824 573 2857 esse:

235 2882 297 2937 Ostia
310 2899 353 2945 por
369 2892 451 2945 septem
466 2882 536 2930 Nilus
553 2885 656 2931 dimissus
672 2885 697 2930 in

202 3030 307 3079 Portibus
319 3046 366 3079 non
377 3028 446 3078 video
455 3030 508 3094 quis
526 3028 564 3078 liic
574 3029 605 3076 sit
621 3031 695 3078 locus.

200 3104 263 3155 Met.
272 3103 305 3156 vi.

231 3178 317 3242 Septem
325 3181 435 3228 discretus
446 3182 470 3226 in
480 3182 536 3227 ostia
548 3179 625 3228 ll'ilut.

574 3253 663 3301 Hmiss.

200 3324 268 3375 Nihil
277 3327 362 3375 mutari
373 3325 468 3384 debere,
477 3334 500 3374 et
511 3326 541 3375 de
552 3342 609 3375 voce
618 3337 696 3390 portus

199 3400 329 3451 videbimus
346 3400 377 3449 ad
392 3400 436 3452 tib.
453 3401 479 3448 ii.
492 3401 573 3448 Amor.
591 3401 694 3450 xiii.10.

199 3474 305 3540 Dffusss
320 3478 347 3523 in
362 3492 437 3538 equor
454 3476 558 3524 Gronov.
575 3491 617 3540 pro
631 3477 696 3524 varia

198 3546 310 3599 lectione.

232 3624 286 3673 109.
316 3624 405 3672 Ultima
425 3627 480 3686 quid
497 3622 615 3688 referam]
645 3624 695 3672 lino

197 3696 365 3761 rq'mcemeo
381 3696 550 3762 reponendum,
562 3698 599 3746 vel
615 3709 696 3747 contra

197 3770 308 3821 lilinorurn
318 3771 493 3820 auctoritatem.
521 3771 597 3829 Quid,
609 3771 695 3836 inquit,

197 3843 356 3895 ulmimtem
366 3843 450 3894 domus
468 3854 551 3894 nostrae
569 3845 653 3894 ultime
664 3848 694 3894 ab

196 3916 287 3983 «igine,
301 3934 421 3976 recenseo,
440 3935 454 3968 e
471 3921 567 3969 senibus
587 3921 694 3969 intellec·

196 3998 252 4049 hm,
262 4006 318 4043 enm
329 4007 359 4041 ne
371 4008 434 4041 nuno
444 3993 541 4056 quidem
551 3992 621 4049 desit,
632 3995 694 4057 qnozl

195 4062 325 4130 insanius.
358 4066 398 4115 Sic
410 4067 498 4117 Auctor
508 4066 597 4131 Elegio
608 4068 634 4116 in
644 4068 693 4116 obi·

195 4146 245 4189 tnm
255 4138 344 4191 Dnui:

1152 1834 1245 1930 [sue

782 2070 864 2118 l'n'scu
873 2074 929 2134 quid
944 2073 988 2119 lius
1003 2073 1092 2134 repeto?
1109 2070 1247 2119 Marcellum

816 2145 991 2209 Octauiuflevit.

750 2219 900 2284 Quanquam,
919 2219 1016 2283 nequid
1031 2218 1187 2273 dissimulem,
1199 2217 1246 2266 dis·

749 2293 829 2341 ticlion
839 2294 882 2342 hoc
891 2293 948 2341 milri
957 2301 1091 2358 suspectum
1099 2300 1134 2341 est
1142 2308 1188 2339 non
1199 2307 1247 2339 uno

749 2367 850 2424 nomine,
862 2384 906 2416 nec
917 2368 1037 2415 Nasonem
1053 2367 1116 2413 omni
1134 2381 1163 2412 ex
1180 2372 1246 2429 perte

749 2442 826 2490 refert.
844 2443 976 2489 Hrissius.
994 2439 1072 2488 nescio
1083 2455 1114 2487 an
1124 2439 1193 2486 malm
1205 2453 1246 2485 no·

749 2523 778 2561 ter
790 2515 821 2562 sit
833 2514 963 2571 distichum
980 2523 1043 2561 certe
1053 2515 1110 2559 uniri
1127 2521 1190 2559 recte
1204 2526 1246 2575 pro

747 2589 891 2653 temporibus
910 2597 1005 2653 possunt
1019 2585 1088 2640 sumi,
1099 2594 1126 2632 ut
1140 2584 1167 2631 ii.
1179 2585 1244 2632 Fnst.

748 2663 804 2710 537.

782 2737 874 2785 Talibus
891 2748 915 2784 ut
928 2745 1010 2783 nostros
1021 2737 1087 2783 dictis
1096 2737 1208 2782 descendit
1221 2736 1245 2781 in

811 2829 890 2859 unitos.

748 2885 813 2942 Quid
829 2902 888 2950 opus
905 2898 1023 2932 recurrere
1040 2882 1071 2930 ad
1089 2882 1246 2946 antiquatam

747 2959 831 3007 domus
849 2974 916 3014 mee,
935 2957 983 3005 mei
997 2957 1061 3012 anni,
1078 2966 1179 3021 tempus,
1198 2971 1245 3021 quo

747 3033 808 3090 vivo,
829 3032 887 3081 dunt
907 3031 964 3079 mihi
991 3029 1112 3078 materiem
1134 3030 1245 3094 querelis.

747 3108 837 3157 Bunnt.

782 3182 836 3229 112.
856 3181 946 3242 Ejectus
963 3181 1059 3228 ultimus
1076 3180 1133 3226 orbis
1153 3177 1241 3241 habet]

748 3256 836 3318 Ejectss
852 3255 933 3319 scripti
945 3254 1016 3303 terme
1028 3270 1117 3302 omnes.
1135 3263 1162 3301 ut
1172 3254 1245 3302 etism

746 3329 777 3378 de
788 3338 854 3395 putre
864 3327 1017 3391 intelligatur.
1050 3326 1163 3391 Sequenti
1176 3342 1244 3374 versu

746 3404 826 3461 iidem,
857 3413 992 3466 sceptroque,
1020 3417 1068 3450 non
1099 3404 1243 3465 sceptrisque.

746 3479 877 3527 Hsrssius.
911 3477 1028 3526 Ultimum
1048 3477 1128 3523 orbem
1151 3476 1243 3539 AEgyp-

746 3563 796 3602 tum
812 3553 850 3601 hic
861 3552 974 3613 intelligit
986 3567 1015 3599 ex
1028 3560 1133 3598 veterum
1151 3557 1244 3596 senten·

746 3627 780 3675 tia
798 3626 960 3675 Broukliusius
977 3624 1008 3672 ad
1024 3624 1131 3687 Propert.
1148 3621 1172 3668 ii.
1192 3620 1244 3667 xiii.

746 3703 786 3749 40.
804 3701 872 3750 etita
892 3701 1022 3748 Rttremum
1039 3698 1120 3744 Nilum
1132 3693 1242 3741 Claudia-

746 3793 789 3825 nus
803 3776 818 3824 i.
835 3775 859 3823 in
870 3775 936 3822 Eutr.
954 3774 995 3820 36.
1014 3770 1081 3819 dicit.
1099 3768 1141 3816 sed
1159 3783 1187 3813 ex
1200 3768 1243 3813 [Ε-

744 3858 817 3913 gypto
835 3848 947 3912 profugus
959 3847 1065 3898 Danum,
1082 3852 1106 3889 et
1122 3841 1172 3904 ejus
1188 3839 1243 3886 filim

745 3922 821 3985 Argos
834 3937 929 3973 venere,
949 3935 1008 3983 qnos
1024 3915 1132 3963 ultimum
1151 3913 1241 3967 orbem,

744 3994 768 4042 id
790 4005 826 4043 est
845 3992 1024 4043 remotissimum
1046 4004 1061 4035 s
1081 3986 1157 4051 patria
1175 3994 1243 4033 vocat

745 4069 946 4132 llypermnestrs;
963 4075 989 4111 ut
1000 4064 1034 4109 its
1049 4061 1100 4107 aliae
1117 4068 1196 4124 partes
1206 4073 1242 4106 or-

743 4142 781 4189 bis
797 4142 883 4188 ultime
901 4148 925 4186 et
942 4147 1041 4185 mtrem
1053 4133 1100 4181 dici
1117 4131 1202 4189 solent,
1212 4146 1242 4181 ex

789 4220 840 4267 ,W
