2904 4994
504 401 764 473 HEROIDES.
788 402 859 468 ΕΡ.
882 401 946 467 Vl.

205 573 277 649 Dic
295 599 379 673 age,
397 572 429 649 si
446 578 567 651 ventis
584 580 643 674 (ut
659 576 840 676 oportuit)
859 586 965 651 actus
982 575 1120 676 iniquis

255 689 440 765 Intrasses
459 704 600 791 portua,
620 704 737 791 tuque
755 700 971 790 comesque,
989 718 1114 783 me0s;

206 804 402 904 Obviaque
420 808 597 894 exissem,
616 807 706 882 soetu
724 809 902 881 comitata
918 810 1102 904 gemello:

254 920 430 1017 (Hiscere
449 939 585 1020 nempe
602 924 670 997 tibi
688 934 787 996 terra
804 924 969 1020 roganda
986 924 1111 1019 foret.)

204 1034 288 1119 Quo
304 1038 408 1111 vultu
427 1048 546 1125 natm,
567 1064 641 1136 quo
659 1065 732 1127 me,
752 1042 945 1128 scelerate,
964 1041 1134 1116 videres?
1173 1049 1243 1119 145

253 1151 425 1226 Perfidiae
443 1156 576 1251 pretio,
596 1179 673 1252 qua
690 1181 794 1242 nece,
815 1157 950 1252 dignus
969 1158 1076 1230 erasi

204 1266 292 1366 Ipse
311 1270 464 1366 quidem
483 1295 549 1368 per
567 1296 627 1345 me
646 1284 748 1346 tutus
767 1297 974 1370 sospesque
992 1272 1148 1348 fuisses:
1216 1316 1219 1322 <

254 1383 340 1456 Non
358 1387 449 1483 quia
463 1398 504 1460 tu
523 1387 670 1485 dignus,
691 1388 758 1461 sed
776 1389 865 1484 quia
881 1388 981 1461 mitis
1000 1412 1082 1483 ego.

202 1554 308 1621 Epistola
320 1556 440 1606 Canaces:
747 1577 799 1617 ror,·
817 1576 861 1608 nec
882 1559 926 1608 hoc
943 1558 1018 1608 male:
1041 1562 1079 1607 ira
1095 1559 1157 1608 enim
1168 1559 1244 1626 furor

236 1628 345 1692 Unaque
358 1650 397 1680 aas
407 1634 487 1680 babeat
503 1636 623 1696 quamlibet
632 1645 698 1683 arcta
748 1636 818 1681 breuis
828 1641 873 1681 est.
890 1632 924 1681 sic
936 1632 1020 1697 virgil.
1031 1633 1049 1681 i.
1061 1630 1159 1682 AEneid.
1173 1635 1228 1684 154.

266 1704 330 1751 daos.
811 1705 985 1753 ——Furor
996 1723 1060 1754 arma
1068 1709 1192 1757 ministrat.

201 1775 283 1825 Amor.
295 1777 338 1825 lib.
349 1777 366 1825 i.
384 1778 422 1826 ΕΙ.
434 1779 475 1828 vii.
487 1781 528 1828 66.
747 1779 820 1845 Apud
831 1797 901 1844 quern
912 1782 983 1829 etiarn
994 1780 1077 1828 eodem
1087 1781 1147 1829 libro
1154 1799 1176 1831 v.
1186 1784 1243 1833 594.

236 1850 365 1905 Quamlibet
380 1855 482 1916 infirmas
498 1857 592 1918 affront
603 1859 639 1904 ira
650 1874 697 1904 ma-
748 1854 844 1919 quidam
856 1855 958 1910 codices,
970 1858 1019 1917 quis
1031 1856 1151 1904 indomitas
1166 1867 1244 1907 matut

266 1941 318 1972 aas.
740 1929 816 1993 ferror
827 1933 910 1976 mitat
920 1931 975 1985 irae,
986 1944 1040 1978 cum
1056 1929 1081 1977 in
1095 1929 1188 1979 abiam
1203 1934 1243 1980 ‹lo-

201 1995 271 2046 liat
282 1997 323 2047 lib.
334 1997 350 2047 i.
368 1999 405 2047 ΕΙ.
416 1999 441 2047 ii.
748 2003 794 2049 lor:
812 2011 836 2050 et
849 2002 912 2067 apud
931 2003 1015 2050 Senec.
1034 2003 1107 2052 Here.
1119 2004 1168 2052 OEt.
1185 2007 1243 2055 23³.

236 2072 365 2127 Quamlibet
381 2091 393 2122 s
410 2078 509 2124 minimis
524 2079 599 2125 domui
608 2081 627 2124 si
629 2077 697 2143 foui·
747 2092 776 2125 ex
788 2075 922 2124 Florentino
932 2074 1029 2124 codice:

266 2163 315 2194 mus
324 2149 370 2195 illi.
781 2151 801 2197 Ο
818 2168 884 2212 quam
901 2159 1008 2198 cruentus
1021 2148 1125 2216 feminas
1140 2153 1243 2201 stimulat

201 2218 241 2267 ΕΙ.
251 2219 287 2268 iii.
803 2225 892 2289 saror!
1192 2228 1193 2232 ’

210 2324 213 2333 ·
235 2294 362 2349 Quamlibet
388 2300 457 2346 lauba
487 2297 561 2344 Cesar
585 2301 609 2346 in
637 2301 697 2349 leste
747 2297 826 2361 Vulgo
840 2300 913 2346 dolor.
931 2304 956 2346 et
971 2297 1005 2346 ita
1022 2297 1086 2362 apud
1104 2297 1195 2347 Lucan.
1210 2299 1243 2348 vi.

262 2372 351 2432 probat.
441 2402 443 2406 ι
746 2373 803 2421 228.
814 2379 838 2421 et
849 2373 961 2421 Nostmm
972 2371 1005 2419 vi.
1017 2372 1119 2419 Metam.
1130 2373 1188 2419 280.
1204 2372 1241 2420 ha

201 2442 241 2492 ΕΙ.
251 2442 286 2492 ix.
746 2445 1110 2510 uocesalibrariispermutatae.
1150 2447 1240 2493 Bonis.

235 2517 337 2580 Occupat
368 2535 464 2584 egressas
496 2523 617 2584 quamlibet
643 2534 697 2571 ante
780 2520 871 2582 Dolum]
884 2518 1032 2582 Indignatio:
1049 2517 1161 2565 dolebant
1172 2519 1241 2565 Lem-

264 2601 334 2640 rates.
747 2592 829 2642 niades
851 2594 912 2642 viros
931 2592 1034 2640 Thraoes
1054 2607 1133 2639 servas
1151 2592 1242 2641 addux-

200 2665 271 2714 Pont.
282 2666 326 2715 lib.
337 2665 373 2714 iii.
391 2668 430 2715 El.
443 2668 476 2715 iv.
746 2666 800 2723 isse,
812 2667 898 2731 quibus
909 2668 1089 2714 oblectarentur.
1108 2664 1175 2713 Aur.

234 2739 363 2794 Quamlibet
378 2744 475 2789 invium
489 2741 645 2806 difficilemque
662 2752 695 2790 te·
782 2742 836 2788 143.
857 2741 977 2788 Comitum.
996 2739 1151 2798 Παθηταῶς.
1169 2740 1241 2790 Cror.

265 2825 328 2864 mat.
782 2815 836 2861 Ι46.
856 2815 954 2878 Perfide,
970 2831 1013 2876 quo
1026 2813 1120 2876 pretia]
1139 2814 1169 2862 In
1185 2815 1242 2864 Sca-

200 2885 254 2935 hb.
265 2888 296 2936 iv.
307 2889 346 2936 El.
358 2887 392 2936 iv.
746 2887 813 2951 ligeri
824 2887 904 2935 codice
913 2887 1044 2952 legebatur,
1054 2887 1160 2951 Perfidia
1168 2892 1243 2950 pretio

234 2961 362 3016 Quamlibet
370 2964 479 3010 muntem
487 2979 531 3025 quo
538 2979 624 3025 pomum
632 2980 694 3012 men·
745 2979 788 3023 qua
797 2978 850 3008 nece
859 2963 943 3025 dignus
950 2963 1014 3008 tras?
1035 2956 1242 3012 Dsmllmrsrui.

265 3044 287 3082 te
296 3038 382 3084 uidebo.
746 3035 881 3082 Puteaneus
892 3043 916 3082 et
924 3034 1037 3099 Scaligeri
1048 3044 1170 3100 excerpta:

199 3107 232 3156 Et
241 3108 298 3156 alibi
308 3109 405 3175 passim.
423 3109 486 3156 Loca
496 3108 564 3174 plura
574 3109 695 3175 adscripsi,
778 3108 884 3171 Perfidia
890 3111 962 3170 pretio
970 3126 1014 3172 qua
1022 3126 1074 3157 nece
1084 3110 1168 3173 dignus
1177 3111 1243 3158 arus?

199 3182 262 3248 quod
272 3199 301 3231 ea
317 3184 398 3248 majori
415 3200 444 3232 ex
461 3193 527 3249 parte
544 3184 656 3234 mendosa
672 3187 697 3234 'm
746 3183 856 3247 Optime;
866 3192 893 3230 ut
904 3191 1019 3248 etparens
1030 3199 1096 3230 meus
1103 3182 1128 3230 in
1139 3184 1200 3232 notis
1210 3184 1241 3233 ad

198 3254 301 3319 vulgatis
311 3255 377 3304 libris
387 3256 591 3304 circumferantur.
614 3267 697 3306 auctor
745 3256 822 3321 ipsum
840 3257 968 3313 Nasonem,
980 3265 1004 3304 et
1020 3265 1101 3322 postea
1113 3256 1242 3306 Salmasius

199 3327 401 3376 Monostichorum
418 3328 448 3377 de
466 3329 573 3378 Moribus
583 3330 607 3377 in
623 3331 695 3380 Cata·
745 3329 775 3378 de
788 3330 870 3378 Usuris
881 3330 1055 3379 Commentario
1065 3346 1088 3378 c.
1100 3329 1125 3379 ii.
1132 3330 1241 3379 restitue·

199 3401 267 3451 lectis
277 3402 382 3451 Pithoei:
745 3411 809 3452 runt.
838 3404 931 3452 Multus
941 3412 978 3452 est
987 3403 1074 3470 passim
1085 3404 1110 3453 in
1121 3405 1165 3453 hac
1175 3405 1241 3454 locu·

233 3476 360 3531 Quamlibet
374 3479 483 3540 ignauum
491 3476 556 3540 facit
567 3479 696 3542 indignatio
745 3477 809 3526 tione
821 3478 896 3526 Naso.
908 3478 941 3526 sic
952 3479 1059 3545 Epistola
1068 3479 1192 3542 sequenti:

255 3550 354 3614 sartan.
574 3551 663 3599 Herus.
778 3552 874 3600 Grande
892 3570 956 3601 mara
970 3556 1069 3616 pretium
1086 3562 1137 3601 tuta
1150 3553 1241 3618 futura

199 3622 311 3672 francias
322 3637 368 3670 non
378 3622 518 3670 inconcinne
529 3623 684 3687 conjiciebat:
808 3628 846 3672 aia
857 3635 898 3674 eet.

233 3698 360 3752 Quamlibet
384 3699 451 3744 iratis
475 3701 543 3759 justa
566 3701 606 3746 dot
631 3715 696 3746 arma
745 3694 923 3762 EtEpist.xiv.

263 3772 335 3819 daim.
778 3771 840 3819 Exul
856 3772 1035 3835 Hypmmuestra
1043 3776 1141 3835 pretium
1151 3775 1242 3833 pietatis

198 3844 308 3892 Schottus
320 3860 374 3894 vero
381 3845 423 3894 lib.
431 3845 458 3894 ii.
475 3845 577 3894 Observ.
586 3847 628 3894 47.
637 3845 696 3895 dicit
809 3849 920 3909 iniquum,

197 3917 351 3967 seinoodice
361 3920 416 3967 MS.
428 3919 555 3985 reperisse:
779 3919 854 3974 Quam
873 3932 965 3969 inertem
977 3917 1057 3985 fratri
1077 3919 1172 3979 depulit,
1192 3921 1241 3980 ipsa

233 3992 352 4046 Quodlibet
366 3995 397 4042 od
407 3993 505 4059 jaciant
521 3996 567 4056 ipse
580 3997 621 4041 dot
631 4012 696 4042 ormo
808 3995 874 4042 tulit.

262 4069 336 4116 dulor.
745 4067 877 4117 Himeros.
911 4066 969 4115 Vid.
983 4065 1065 4114 Groev.
1076 4064 1107 4112 ad
1122 4064 1211 4115 Justin.
1223 4065 1240 4116 i.

199 4141 269 4199 Quod
281 4150 308 4191 et
318 4141 344 4191 in
358 4141 465 4208 plurimis
475 4142 573 4191 Heinsio
584 4143 697 4208 inspectis
746 4142 769 4190 7.
787 4149 812 4189 et
823 4143 926 4191 Gronov.
937 4139 967 4187 ad
978 4138 1031 4188 Lir.
1043 4139 1109 4187 xxvi.
1119 4138 1159 4187 40.

199 4215 308 4266 estatio
318 4232 367 4267 uno
377 4216 449 4266 etiam
467 4233 510 4283 pro
522 4218 594 4274 dolor,
605 4225 641 4266 est
649 4217 696 4282 fu·
780 4216 836 4264 147.
854 4214 901 4262 Per
915 4212 971 4279 ma]
993 4212 1040 4261 Par
1057 4222 1078 4261 ta
1095 4214 1240 4263 Puteaneus.
