<?xml version="1.0" encoding="UTF-8"?>
<!DOCTYPE html PUBLIC "-//W3C//DTD XHTML 1.0 Transitional//EN"
    "http://www.w3.org/TR/xhtml1/DTD/xhtml1-transitional.dtd">
<html xmlns="http://www.w3.org/1999/xhtml" xml:lang="en" lang="en">
 <head>
  <title>
</title>
<meta http-equiv="Content-Type" content="text/html;charset=utf-8" />
  <meta name='ocr-system' content='tesseract 3.04.00' />
  <meta name='ocr-capabilities' content='ocr_page ocr_carea ocr_par ocr_line ocrx_word'/>
</head>
<body>
  <div class='ocr_page' id='page_1' title='image "./povidiinasoniso01burmgoog_0017.png"; bbox 0 0 2896 4980; ppageno 0'>
   <div class='ocr_carea' id='block_1_1' title="bbox 246 276 1110 375">
    <p class='ocr_par' dir='ltr' id='par_1_1' title="bbox 246 276 1110 375">
     <span class='ocr_line' id='line_1_1' title="bbox 246 276 1110 375; baseline 0.003 -3"><span class='ocrx_word' id='word_1_1' title='bbox 246 333 267 372; x_wconf 72' lang='lat' dir='ltr'>x</span> <span class='ocrx_word' id='word_1_2' title='bbox 567 311 602 372; x_wconf 83' lang='lat' dir='ltr'>P.</span> <span class='ocrx_word' id='word_1_3' title='bbox 623 312 766 374; x_wconf 86' lang='lat' dir='ltr'>ovmu</span> <span class='ocrx_word' id='word_1_4' title='bbox 786 312 979 375; x_wconf 73' lang='lat' dir='ltr'>Nasoms</span> <span class='ocrx_word' id='word_1_5' title='bbox 1108 276 1110 281; x_wconf 69' lang='grc'><strong>’</strong></span> 
     </span>
    </p>
   </div>
   <div class='ocr_carea' id='block_1_2' title="bbox 325 476 1088 653">
    <p class='ocr_par' dir='ltr' id='par_1_2' title="bbox 325 476 1088 653">
     <span class='ocr_line' id='line_1_2' title="bbox 325 476 1088 559; baseline 0.004 -23"><span class='ocrx_word' id='word_1_6' title='bbox 325 476 425 556; x_wconf 89' lang='lat' dir='ltr'>thue</span> <span class='ocrx_word' id='word_1_7' title='bbox 438 478 502 547; x_wconf 87' lang='lat' dir='ltr'>boe,</span> <span class='ocrx_word' id='word_1_8' title='bbox 516 478 557 537; x_wconf 81' lang='lat' dir='ltr'>dc</span> <span class='ocrx_word' id='word_1_9' title='bbox 569 478 682 539; x_wconf 79' lang='lat' dir='ltr'>utinam</span> <span class='ocrx_word' id='word_1_10' title='bbox 694 478 851 539; x_wconf 80' lang='lat' dir='ltr'>defendere</span> <span class='ocrx_word' id='word_1_11' title='bbox 863 489 960 539; x_wconf 81' lang='lat' dir='ltr'>cetere</span> <span class='ocrx_word' id='word_1_12' title='bbox 972 498 1069 559; x_wconf 83' lang='lat' dir='ltr'>posses</span> <span class='ocrx_word' id='word_1_13' title='bbox 1081 480 1088 538; x_wconf 83' lang='lat' dir='ltr'>l</span> 
     </span>
     <span class='ocr_line' id='line_1_3' title="bbox 363 571 987 653; baseline 0.002 -22"><span class='ocrx_word' id='word_1_14' title='bbox 363 571 427 632; x_wconf 84' lang='lat' dir='ltr'>Scis</span> <span class='ocrx_word' id='word_1_15' title='bbox 441 571 531 643; x_wconf 86' lang='lat' dir='ltr'>aliud,</span> <span class='ocrx_word' id='word_1_16' title='bbox 545 571 622 651; x_wconf 92' lang='lat' dir='ltr'>quod</span> <span class='ocrx_word' id='word_1_17' title='bbox 634 582 665 632; x_wconf 88' lang='lat' dir='ltr'>te</span> <span class='ocrx_word' id='word_1_18' title='bbox 678 571 795 642; x_wconf 76' lang='lat' dir='ltr'>leserit,</span> <span class='ocrx_word' id='word_1_19' title='bbox 809 592 872 633; x_wconf 87' lang='lat' dir='ltr'>esse</span> <span class='ocrx_word' id='word_1_20' title='bbox 885 573 987 653; x_wconf 78' lang='lat' dir='ltr'>magis</span> 
     </span>
    </p>
   </div>
   <div class='ocr_carea' id='block_1_3' title="bbox 246 782 684 849">
    <p class='ocr_par' dir='ltr' id='par_1_3' title="bbox 246 782 684 849">
     <span class='ocr_line' id='line_1_4' title="bbox 246 782 684 849; baseline -0.002 -2"><span class='ocrx_word' id='word_1_21' title='bbox 246 783 398 849; x_wconf 87' lang='lat' dir='ltr'>Secundo</span> <span class='ocrx_word' id='word_1_22' title='bbox 413 784 490 848; x_wconf 87' lang='lat' dir='ltr'>item</span> <span class='ocrx_word' id='word_1_23' title='bbox 504 782 605 848; x_wconf 80' lang='lat' dir='ltr'>Trist.</span> <span class='ocrx_word' id='word_1_24' title='bbox 622 783 684 847; x_wconf 89' lang='lat' dir='ltr'>ait:</span> 
     </span>
    </p>
   </div>
   <div class='ocr_carea' id='block_1_4' title="bbox 320 999 1003 1351">
    <p class='ocr_par' dir='ltr' id='par_1_4' title="bbox 320 999 1003 1351">
     <span class='ocr_line' id='line_1_5' title="bbox 322 999 990 1080; baseline 0.001 -18"><span class='ocrx_word' id='word_1_25' title='bbox 322 1002 384 1062; x_wconf 83' lang='lat' dir='ltr'>Cur</span> <span class='ocrx_word' id='word_1_26' title='bbox 396 1000 505 1080; x_wconf 91' lang='lat' dir='ltr'>aliquid</span> <span class='ocrx_word' id='word_1_27' title='bbox 517 999 601 1059; x_wconf 85' lang='lat' dir='ltr'>vidi?</span> <span class='ocrx_word' id='word_1_28' title='bbox 623 1020 674 1060; x_wconf 91' lang='lat' dir='ltr'>cur</span> <span class='ocrx_word' id='word_1_29' title='bbox 687 999 774 1060; x_wconf 87' lang='lat' dir='ltr'>noxis</span> <span class='ocrx_word' id='word_1_30' title='bbox 787 999 899 1062; x_wconf 82' lang='lat' dir='ltr'>lumine</span> <span class='ocrx_word' id='word_1_31' title='bbox 911 1003 990 1063; x_wconf 80' lang='lat' dir='ltr'>feci?</span> 
     </span>
     <span class='ocr_line' id='line_1_6' title="bbox 361 1093 1003 1176; baseline 0.002 -21"><span class='ocrx_word' id='word_1_32' title='bbox 361 1097 422 1155; x_wconf 85' lang='lat' dir='ltr'>Cur</span> <span class='ocrx_word' id='word_1_33' title='bbox 434 1093 613 1174; x_wconf 81' lang='lat' dir='ltr'><strong>imprudenti</strong></span> <span class='ocrx_word' id='word_1_34' title='bbox 626 1095 740 1173; x_wconf 89' lang='lat' dir='ltr'>cognita</span> <span class='ocrx_word' id='word_1_35' title='bbox 752 1094 838 1176; x_wconf 88' lang='lat' dir='ltr'>culpa</span> <span class='ocrx_word' id='word_1_36' title='bbox 850 1096 921 1155; x_wconf 89' lang='lat' dir='ltr'>mihi</span> <span class='ocrx_word' id='word_1_37' title='bbox 935 1100 1003 1156; x_wconf 80' lang='lat' dir='ltr'>est?</span> 
     </span>
     <span class='ocr_line' id='line_1_7' title="bbox 320 1186 984 1252; baseline -0.003 -2"><span class='ocrx_word' id='word_1_38' title='bbox 320 1190 433 1250; x_wconf 86' lang='lat' dir='ltr'>Inscius</span> <span class='ocrx_word' id='word_1_39' title='bbox 447 1189 568 1248; x_wconf 80' lang='lat' dir='ltr'>Actaeon</span> <span class='ocrx_word' id='word_1_40' title='bbox 581 1186 657 1247; x_wconf 81' lang='lat' dir='ltr'>vidit</span> <span class='ocrx_word' id='word_1_41' title='bbox 669 1188 732 1252; x_wconf 83' lang='lat' dir='ltr'>eine</span> <span class='ocrx_word' id='word_1_42' title='bbox 744 1198 826 1248; x_wconf 84' lang='lat' dir='ltr'>veste</span> <span class='ocrx_word' id='word_1_43' title='bbox 839 1188 984 1249; x_wconf 87' lang='lat' dir='ltr'>Dianam:</span> 
     </span>
     <span class='ocr_line' id='line_1_8' title="bbox 360 1282 987 1351; baseline 0.005 -9"><span class='ocrx_word' id='word_1_44' title='bbox 360 1283 463 1344; x_wconf 74' lang='lat' dir='ltr'>Praeda</span> <span class='ocrx_word' id='word_1_45' title='bbox 475 1283 533 1343; x_wconf 85' lang='lat' dir='ltr'>fuit</span> <span class='ocrx_word' id='word_1_46' title='bbox 546 1282 665 1351; x_wconf 81' lang='lat' dir='ltr'>canibus</span> <span class='ocrx_word' id='word_1_47' title='bbox 678 1302 743 1342; x_wconf 90' lang='lat' dir='ltr'>non·</span> <span class='ocrx_word' id='word_1_48' title='bbox 750 1283 846 1344; x_wconf 90' lang='lat' dir='ltr'>minus</span> <span class='ocrx_word' id='word_1_49' title='bbox 858 1283 910 1344; x_wconf 93' lang='lat' dir='ltr'>ille</span> <span class='ocrx_word' id='word_1_50' title='bbox 919 1285 987 1345; x_wconf 85' lang='lat' dir='ltr'>suis.</span> 
     </span>
    </p>
   </div>
   <div class='ocr_carea' id='block_1_5' title="bbox 240 1490 1294 1886">
    <p class='ocr_par' dir='ltr' id='par_1_5' title="bbox 240 1490 1294 1886">
     <span class='ocr_line' id='line_1_9' title="bbox 285 1490 1293 1580; baseline 0.002 -20"><span class='ocrx_word' id='word_1_51' title='bbox 285 1495 418 1580; x_wconf 87' lang='lat' dir='ltr'>Ubique</span> <span class='ocrx_word' id='word_1_52' title='bbox 428 1495 527 1580; x_wconf 90' lang='lat' dir='ltr'>igitur</span> <span class='ocrx_word' id='word_1_53' title='bbox 537 1492 643 1558; x_wconf 84' lang='lat' dir='ltr'>exsilii</span> <span class='ocrx_word' id='word_1_54' title='bbox 656 1515 786 1559; x_wconf 86' lang='lat' dir='ltr'>causam</span> <span class='ocrx_word' id='word_1_55' title='bbox 801 1490 869 1558; x_wconf 86' lang='lat' dir='ltr'>tum</span> <span class='ocrx_word' id='word_1_56' title='bbox 883 1493 983 1560; x_wconf 85' lang='lat' dir='ltr'>libros</span> <span class='ocrx_word' id='word_1_57' title='bbox 997 1495 1040 1561; x_wconf 89' lang='lat' dir='ltr'>de</span> <span class='ocrx_word' id='word_1_58' title='bbox 1051 1496 1145 1574; x_wconf 87' lang='lat' dir='ltr'>Arte,</span> <span class='ocrx_word' id='word_1_59' title='bbox 1161 1508 1229 1562; x_wconf 88' lang='lat' dir='ltr'>tum</span> <span class='ocrx_word' id='word_1_60' title='bbox 1243 1520 1293 1562; x_wconf 89' lang='lat' dir='ltr'>er·</span> 
     </span>
     <span class='ocr_line' id='line_1_10' title="bbox 240 1594 1294 1679; baseline -0.001 -17"><span class='ocrx_word' id='word_1_61' title='bbox 240 1619 348 1662; x_wconf 92' lang='lat' dir='ltr'>rorem</span> <span class='ocrx_word' id='word_1_62' title='bbox 362 1597 461 1661; x_wconf 86' lang='lat' dir='ltr'>fuisse</span> <span class='ocrx_word' id='word_1_63' title='bbox 476 1606 719 1661; x_wconf 88' lang='lat' dir='ltr'>commemorat:</span> <span class='ocrx_word' id='word_1_64' title='bbox 743 1594 816 1679; x_wconf 90' lang='lat' dir='ltr'>quis</span> <span class='ocrx_word' id='word_1_65' title='bbox 825 1617 903 1660; x_wconf 81' lang='lat' dir='ltr'>vero</span> <span class='ocrx_word' id='word_1_66' title='bbox 914 1595 968 1660; x_wconf 88' lang='lat' dir='ltr'>ille</span> <span class='ocrx_word' id='word_1_67' title='bbox 983 1619 1075 1661; x_wconf 90' lang='lat' dir='ltr'>error</span> <span class='ocrx_word' id='word_1_68' title='bbox 1089 1597 1196 1677; x_wconf 87' lang='lat' dir='ltr'>fuerit,</span> <span class='ocrx_word' id='word_1_69' title='bbox 1213 1594 1294 1663; x_wconf 84' lang='lat' dir='ltr'>nun-</span> 
     </span>
     <span class='ocr_line' id='line_1_11' title="bbox 241 1695 1294 1784; baseline 0.001 -20"><span class='ocrx_word' id='word_1_70' title='bbox 241 1722 338 1784; x_wconf 84' lang='lat' dir='ltr'><strong>quam</strong></span> <span class='ocrx_word' id='word_1_71' title='bbox 360 1699 498 1784; x_wconf 89' lang='lat' dir='ltr'>aperuit‚</span> <span class='ocrx_word' id='word_1_72' title='bbox 521 1719 562 1762; x_wconf 88' lang='lat' dir='ltr'>ne</span> <span class='ocrx_word' id='word_1_73' title='bbox 583 1698 685 1783; x_wconf 87' lang='lat' dir='ltr'>magis</span> <span class='ocrx_word' id='word_1_74' title='bbox 708 1695 878 1782; x_wconf 88' lang='lat' dir='ltr'>Augustus</span> <span class='ocrx_word' id='word_1_75' title='bbox 897 1698 958 1762; x_wconf 96' lang='lat' dir='ltr'>sibi</span> <span class='ocrx_word' id='word_1_76' title='bbox 979 1698 1180 1764; x_wconf 81' lang='lat' dir='ltr'>irasceretur.</span> <span class='ocrx_word' id='word_1_77' title='bbox 1226 1699 1294 1765; x_wconf 90' lang='lat' dir='ltr'>Ve-</span> 
     </span>
     <span class='ocr_line' id='line_1_12' title="bbox 240 1797 1293 1886; baseline -0.002 -20"><span class='ocrx_word' id='word_1_78' title='bbox 240 1822 312 1866; x_wconf 90' lang='lat' dir='ltr'>rum</span> <span class='ocrx_word' id='word_1_79' title='bbox 332 1802 418 1886; x_wconf 89' lang='lat' dir='ltr'>quia,</span> <span class='ocrx_word' id='word_1_80' title='bbox 437 1811 474 1864; x_wconf 92' lang='lat' dir='ltr'>ut</span> <span class='ocrx_word' id='word_1_81' title='bbox 494 1800 564 1884; x_wconf 90' lang='lat' dir='ltr'>ipse</span> <span class='ocrx_word' id='word_1_82' title='bbox 585 1799 640 1876; x_wconf 85' lang='lat' dir='ltr'>ait,</span> <span class='ocrx_word' id='word_1_83' title='bbox 658 1797 833 1862; x_wconf 80' lang='lat' dir='ltr'>“Nitimur</span> <span class='ocrx_word' id='word_1_84' title='bbox 847 1798 881 1862; x_wconf 92' lang='lat' dir='ltr'>in</span> <span class='ocrx_word' id='word_1_85' title='bbox 894 1800 1028 1863; x_wconf 87' lang='lat' dir='ltr'>vetitum</span> <span class='ocrx_word' id='word_1_86' title='bbox 1048 1822 1187 1886; x_wconf 82' lang='lat' dir='ltr'>semper,</span> <span class='ocrx_word' id='word_1_87' title='bbox 1203 1802 1293 1886; x_wconf 90' lang='lat' dir='ltr'>cupi·</span> 
     </span>
    </p>
   </div>
   <div class='ocr_carea' id='block_1_6' title="bbox 132 1900 1295 1989">
    <p class='ocr_par' dir='ltr' id='par_1_6' title="bbox 132 1900 1295 1989">
     <span class='ocr_line' id='line_1_13' title="bbox 132 1900 1295 1989; baseline -0.001 -21"><span class='ocrx_word' id='word_1_88' title='bbox 132 1919 134 1923; x_wconf 76' lang='grc'>’</span> <span class='ocrx_word' id='word_1_89' title='bbox 240 1925 376 1989; x_wconf 90' lang='lat' dir='ltr'>musque</span> <span class='ocrx_word' id='word_1_90' title='bbox 395 1901 551 1988; x_wconf 85' lang='lat' dir='ltr'>negata;&#39;&#39;</span> <span class='ocrx_word' id='word_1_91' title='bbox 573 1900 779 1986; x_wconf 66' lang='lat' dir='ltr'>quidnam‘id</span> <span class='ocrx_word' id='word_1_92' title='bbox 800 1900 909 1978; x_wconf 79' lang='lat' dir='ltr'>fuerit,</span> <span class='ocrx_word' id='word_1_93' title='bbox 930 1900 1059 1986; x_wconf 85' lang='lat' dir='ltr'>plurimi</span> <span class='ocrx_word' id='word_1_94' title='bbox 1081 1903 1163 1968; x_wconf 89' lang='lat' dir='ltr'>scire</span> <span class='ocrx_word' id='word_1_95' title='bbox 1186 1904 1295 1967; x_wconf 89' lang='lat' dir='ltr'>conati</span> 
     </span>
    </p>
   </div>
   <div class='ocr_carea' id='block_1_7' title="bbox 229 2002 1294 2800">
    <p class='ocr_par' dir='ltr' id='par_1_7' title="bbox 229 2002 1294 2800">
     <span class='ocr_line' id='line_1_14' title="bbox 240 2002 1294 2090; baseline -0.001 -20"><span class='ocrx_word' id='word_1_96' title='bbox 240 2017 326 2084; x_wconf 88' lang='lat' dir='ltr'>sunt,</span> <span class='ocrx_word' id='word_1_97' title='bbox 342 2017 376 2071; x_wconf 90' lang='lat' dir='ltr'>et</span> <span class='ocrx_word' id='word_1_98' title='bbox 391 2015 526 2071; x_wconf 81' lang='lat' dir='ltr'>conabrr</span> <span class='ocrx_word' id='word_1_99' title='bbox 541 2026 668 2088; x_wconf 88' lang='lat' dir='ltr'>semper</span> <span class='ocrx_word' id='word_1_100' title='bbox 679 2002 811 2088; x_wconf 84' lang='lat' dir='ltr'>aliquis:</span> <span class='ocrx_word' id='word_1_101' title='bbox 835 2015 1036 2090; x_wconf 87' lang='lat' dir='ltr'>quapropter</span> <span class='ocrx_word' id='word_1_102' title='bbox 1050 2006 1203 2090; x_wconf 88' lang='lat' dir='ltr'>suspicati</span> <span class='ocrx_word' id='word_1_103' title='bbox 1219 2016 1294 2069; x_wconf 90' lang='lat' dir='ltr'>sunt</span> 
     </span>
     <span class='ocr_line' id='line_1_15' title="bbox 229 2103 1294 2192; baseline 0 -20"><span class='ocrx_word' id='word_1_104' title='bbox 229 2107 372 2192; x_wconf 71' lang='lat' dir='ltr'>‘quidam</span> <span class='ocrx_word' id='word_1_105' title='bbox 392 2119 488 2192; x_wconf 81' lang='lat' dir='ltr'>turpe</span> <span class='ocrx_word' id='word_1_106' title='bbox 509 2104 641 2190; x_wconf 81' lang='lat' dir='ltr'>aliquod</span> <span class='ocrx_word' id='word_1_107' title='bbox 653 2103 799 2190; x_wconf 83' lang='lat' dir='ltr'>Augusti</span> <span class='ocrx_word' id='word_1_108' title='bbox 813 2117 972 2173; x_wconf 91' lang='lat' dir='ltr'>secretum</span> <span class='ocrx_word' id='word_1_109' title='bbox 989 2129 1066 2172; x_wconf 87' lang='lat' dir='ltr'>casu</span> <span class='ocrx_word' id='word_1_110' title='bbox 1080 2108 1199 2172; x_wconf 86' lang='lat' dir='ltr'>vidisse</span> <span class='ocrx_word' id='word_1_111' title='bbox 1215 2107 1294 2173; x_wconf 86' lang='lat' dir='ltr'>Ovi-</span> 
     </span>
     <span class='ocr_line' id='line_1_16' title="bbox 240 2204 1293 2293; baseline -0.001 -19"><span class='ocrx_word' id='word_1_112' title='bbox 240 2209 348 2275; x_wconf 88' lang='lat' dir='ltr'>dium:</span> <span class='ocrx_word' id='word_1_113' title='bbox 380 2208 470 2293; x_wconf 91' lang='lat' dir='ltr'>quod</span> <span class='ocrx_word' id='word_1_114' title='bbox 491 2207 563 2271; x_wconf 81' lang='lat' dir='ltr'>&#39;non</span> <span class='ocrx_word' id='word_1_115' title='bbox 588 2205 706 2291; x_wconf 88' lang='lat' dir='ltr'>placet,</span> <span class='ocrx_word' id='word_1_116' title='bbox 735 2204 813 2291; x_wconf 88' lang='lat' dir='ltr'>quia</span> <span class='ocrx_word' id='word_1_117' title='bbox 838 2209 933 2272; x_wconf 91' lang='lat' dir='ltr'>toties</span> <span class='ocrx_word' id='word_1_118' title='bbox 964 2208 1146 2291; x_wconf 86' lang='lat' dir='ltr'>objiciendo</span> <span class='ocrx_word' id='word_1_119' title='bbox 1176 2207 1293 2287; x_wconf 88' lang='lat' dir='ltr'>scelus,</span> 
     </span>
     <span class='ocr_line' id='line_1_17' title="bbox 239 2308 1293 2395; baseline -0.001 -19"><span class='ocrx_word' id='word_1_120' title='bbox 239 2312 440 2376; x_wconf 87' lang='lat' dir='ltr'>immitiorem</span> <span class='ocrx_word' id='word_1_121' title='bbox 461 2309 657 2375; x_wconf 86' lang='lat' dir='ltr'>reddidisset</span> <span class='ocrx_word' id='word_1_122' title='bbox 679 2309 853 2386; x_wconf 86' lang='lat' dir='ltr'>Caesarem,</span> <span class='ocrx_word' id='word_1_123' title='bbox 869 2332 966 2394; x_wconf 92' lang='lat' dir='ltr'>quem</span> <span class='ocrx_word' id='word_1_124' title='bbox 986 2308 1087 2375; x_wconf 90' lang='lat' dir='ltr'>lenire</span> <span class='ocrx_word' id='word_1_125' title='bbox 1109 2321 1142 2374; x_wconf 83' lang='lat' dir='ltr'>et</span> <span class='ocrx_word' id='word_1_126' title='bbox 1163 2309 1293 2395; x_wconf 86' lang='lat' dir='ltr'>placare</span> 
     </span>
     <span class='ocr_line' id='line_1_18' title="bbox 240 2409 1294 2496; baseline -0.003 -17"><span class='ocrx_word' id='word_1_127' title='bbox 240 2414 403 2479; x_wconf 80' lang='lat' dir='ltr'>studebat.</span> <span class='ocrx_word' id='word_1_128' title='bbox 455 2410 524 2476; x_wconf 90' lang='lat' dir='ltr'>Alii</span> <span class='ocrx_word' id='word_1_129' title='bbox 543 2433 631 2488; x_wconf 84' lang='lat' dir='ltr'>vero,</span> <span class='ocrx_word' id='word_1_130' title='bbox 655 2411 743 2495; x_wconf 93' lang='lat' dir='ltr'>quod</span> <span class='ocrx_word' id='word_1_131' title='bbox 766 2409 910 2496; x_wconf 85' lang='lat' dir='ltr'>Augusti</span> <span class='ocrx_word' id='word_1_132' title='bbox 930 2410 1029 2475; x_wconf 88' lang='lat' dir='ltr'>liliam</span> <span class='ocrx_word' id='word_1_133' title='bbox 1049 2413 1110 2476; x_wconf 93' lang='lat' dir='ltr'>sub</span> <span class='ocrx_word' id='word_1_134' title='bbox 1134 2410 1214 2476; x_wconf 85' lang='lat' dir='ltr'>falso</span> <span class='ocrx_word' id='word_1_135' title='bbox 1229 2413 1294 2476; x_wconf 89' lang='lat' dir='ltr'>Co·</span> 
     </span>
     <span class='ocr_line' id='line_1_19' title="bbox 240 2511 1294 2596; baseline -0.004 -16"><span class='ocrx_word' id='word_1_136' title='bbox 240 2516 342 2580; x_wconf 88' lang='lat' dir='ltr'>rinnae</span> <span class='ocrx_word' id='word_1_137' title='bbox 368 2515 496 2579; x_wconf 90' lang='lat' dir='ltr'>nomine</span> <span class='ocrx_word' id='word_1_138' title='bbox 517 2512 681 2588; x_wconf 88' lang='lat' dir='ltr'>amaverit,</span> <span class='ocrx_word' id='word_1_139' title='bbox 707 2534 792 2595; x_wconf 70' lang='lat' dir='ltr'>quae,</span> <span class='ocrx_word' id='word_1_140' title='bbox 819 2523 856 2576; x_wconf 93' lang='lat' dir='ltr'>ut</span> <span class='ocrx_word' id='word_1_141' title='bbox 877 2511 1001 2576; x_wconf 87' lang='lat' dir='ltr'>Plinius</span> <span class='ocrx_word' id='word_1_142' title='bbox 1023 2523 1057 2577; x_wconf 84' lang='lat' dir='ltr'>et</span> <span class='ocrx_word' id='word_1_143' title='bbox 1082 2511 1294 2596; x_wconf 89' lang='lat' dir='ltr'>Tranquillus</span> 
     </span>
     <span class='ocr_line' id='line_1_20' title="bbox 241 2611 1291 2702; baseline -0.003 -21"><span class='ocrx_word' id='word_1_144' title='bbox 241 2619 397 2694; x_wconf 88' lang='lat' dir='ltr'>scribunt,</span> <span class='ocrx_word' id='word_1_145' title='bbox 419 2616 568 2702; x_wconf 85' lang='lat' dir='ltr'>flagravit</span> <span class='ocrx_word' id='word_1_146' title='bbox 589 2611 821 2679; x_wconf 87' lang='lat' dir='ltr'>adulteriorum</span> <span class='ocrx_word' id='word_1_147' title='bbox 841 2612 982 2692; x_wconf 86' lang='lat' dir='ltr'>infamia,</span> <span class='ocrx_word' id='word_1_148' title='bbox 1005 2625 1039 2678; x_wconf 90' lang='lat' dir='ltr'>et</span> <span class='ocrx_word' id='word_1_149' title='bbox 1060 2613 1211 2678; x_wconf 85' lang='lat' dir='ltr'>damnata</span> <span class='ocrx_word' id='word_1_150' title='bbox 1231 2626 1291 2679; x_wconf 90' lang='lat' dir='ltr'>est.</span> 
     </span>
     <span class='ocr_line' id='line_1_21' title="bbox 242 2717 792 2800; baseline -0.011 -16"><span class='ocrx_word' id='word_1_151' title='bbox 242 2719 321 2794; x_wconf 85' lang='lat' dir='ltr'>Qua</span> <span class='ocrx_word' id='word_1_152' title='bbox 335 2720 376 2784; x_wconf 91' lang='lat' dir='ltr'>de</span> <span class='ocrx_word' id='word_1_153' title='bbox 392 2741 428 2784; x_wconf 88' lang='lat' dir='ltr'>re</span> <span class='ocrx_word' id='word_1_154' title='bbox 444 2719 489 2784; x_wconf 92' lang='lat' dir='ltr'>sic</span> <span class='ocrx_word' id='word_1_155' title='bbox 506 2717 660 2782; x_wconf 85' lang='lat' dir='ltr'>Sidonius</span> <span class='ocrx_word' id='word_1_156' title='bbox 675 2725 792 2800; x_wconf 83' lang='lat' dir='ltr'>poeta:</span> 
     </span>
    </p>
   </div>
   <div class='ocr_carea' id='block_1_8' title="bbox 390 2886 1042 3232">
    <p class='ocr_par' dir='ltr' id='par_1_8' title="bbox 390 2886 856 2968">
     <span class='ocr_line' id='line_1_22' title="bbox 390 2886 856 2968; baseline -0.004 -19"><span class='ocrx_word' id='word_1_157' title='bbox 390 2890 440 2949; x_wconf 69' lang='lat' dir='ltr'>&#39;Et</span> <span class='ocrx_word' id='word_1_158' title='bbox 454 2900 485 2950; x_wconf 94' lang='lat' dir='ltr'>te</span> <span class='ocrx_word' id='word_1_159' title='bbox 497 2889 624 2951; x_wconf 84' lang='lat' dir='ltr'>carmina</span> <span class='ocrx_word' id='word_1_160' title='bbox 636 2908 689 2968; x_wconf 90' lang='lat' dir='ltr'>per</span> <span class='ocrx_word' id='word_1_161' title='bbox 702 2886 856 2948; x_wconf 82' lang='lat' dir='ltr'>libidinoso</span> 
     </span>
    </p>

    <p class='ocr_par' dir='ltr' id='par_1_9' title="bbox 397 2975 1042 3155">
     <span class='ocr_line' id='line_1_23' title="bbox 397 2975 1042 3062; baseline -0.005 -19"><span class='ocrx_word' id='word_1_162' title='bbox 397 2985 521 3053; x_wconf 89' lang='lat' dir='ltr'>Notum,</span> <span class='ocrx_word' id='word_1_163' title='bbox 531 2985 617 3044; x_wconf 88' lang='lat' dir='ltr'>Naso</span> <span class='ocrx_word' id='word_1_164' title='bbox 628 2994 721 3053; x_wconf 92' lang='lat' dir='ltr'>tener,</span> <span class='ocrx_word' id='word_1_165' title='bbox 736 2982 898 3062; x_wconf 90' lang='lat' dir='ltr'>Tomosque</span> <span class='ocrx_word' id='word_1_166' title='bbox 911 2975 1042 3052; x_wconf 81' lang='lat' dir='ltr'>missum,</span> 
     </span>
     <span class='ocr_line' id='line_1_24' title="bbox 398 3075 921 3155; baseline -0.006 -19"><span class='ocrx_word' id='word_1_167' title='bbox 398 3078 551 3150; x_wconf 86' lang='lat' dir='ltr'>Quondam</span> <span class='ocrx_word' id='word_1_168' title='bbox 566 3079 702 3136; x_wconf 79' lang='lat' dir='ltr'>Caessreae</span> <span class='ocrx_word' id='word_1_169' title='bbox 715 3076 802 3136; x_wconf 85' lang='lat' dir='ltr'>nimis</span> <span class='ocrx_word' id='word_1_170' title='bbox 814 3075 921 3155; x_wconf 78' lang='lat' dir='ltr'>puellm</span> 
     </span>
    </p>

    <p class='ocr_par' dir='ltr' id='par_1_10' title="bbox 399 3170 933 3232">
     <span class='ocr_line' id='line_1_25' title="bbox 399 3170 933 3232; baseline -0.006 -2"><span class='ocrx_word' id='word_1_171' title='bbox 399 3172 485 3232; x_wconf 83' lang='lat' dir='ltr'>Falso</span> <span class='ocrx_word' id='word_1_172' title='bbox 498 3173 614 3232; x_wconf 91' lang='lat' dir='ltr'>nomine</span> <span class='ocrx_word' id='word_1_173' title='bbox 627 3170 776 3231; x_wconf 87' lang='lat' dir='ltr'>subditum</span> <span class='ocrx_word' id='word_1_174' title='bbox 791 3170 933 3230; x_wconf 67' lang='lat' dir='ltr'>ursinus.</span> 
     </span>
    </p>
   </div>
   <div class='ocr_carea' id='block_1_9' title="bbox 239 3326 1295 3824">
    <p class='ocr_par' dir='ltr' id='par_1_11' title="bbox 239 3326 1295 3824">
     <span class='ocr_line' id='line_1_26' title="bbox 240 3326 1294 3415; baseline -0.001 -19"><span class='ocrx_word' id='word_1_175' title='bbox 240 3330 342 3407; x_wconf 89' lang='lat' dir='ltr'>Quod</span> <span class='ocrx_word' id='word_1_176' title='bbox 357 3352 422 3395; x_wconf 93' lang='lat' dir='ltr'>non</span> <span class='ocrx_word' id='word_1_177' title='bbox 437 3330 584 3394; x_wconf 87' lang='lat' dir='ltr'>videtur:</span> <span class='ocrx_word' id='word_1_178' title='bbox 607 3331 695 3415; x_wconf 90' lang='lat' dir='ltr'>quia,</span> <span class='ocrx_word' id='word_1_179' title='bbox 712 3330 739 3395; x_wconf 94' lang='lat' dir='ltr'>si</span> <span class='ocrx_word' id='word_1_180' title='bbox 760 3326 805 3394; x_wconf 87' lang='lat' dir='ltr'>ita</span> <span class='ocrx_word' id='word_1_181' title='bbox 822 3342 919 3407; x_wconf 87' lang='lat' dir='ltr'>esset,</span> <span class='ocrx_word' id='word_1_182' title='bbox 937 3330 1080 3415; x_wconf 85' lang='lat' dir='ltr'>graviter</span> <span class='ocrx_word' id='word_1_183' title='bbox 1100 3342 1134 3395; x_wconf 89' lang='lat' dir='ltr'>et</span> <span class='ocrx_word' id='word_1_184' title='bbox 1156 3330 1294 3395; x_wconf 88' lang='lat' dir='ltr'>scienter</span> 
     </span>
     <span class='ocr_line' id='line_1_27' title="bbox 239 3427 1293 3519; baseline -0.001 -21"><span class='ocrx_word' id='word_1_185' title='bbox 239 3435 272 3498; x_wconf 90' lang='lat' dir='ltr'>in</span> <span class='ocrx_word' id='word_1_186' title='bbox 285 3432 427 3519; x_wconf 86' lang='lat' dir='ltr'>Augusti</span> <span class='ocrx_word' id='word_1_187' title='bbox 441 3433 641 3519; x_wconf 87' lang='lat' dir='ltr'>majestatem</span> <span class='ocrx_word' id='word_1_188' title='bbox 656 3432 847 3518; x_wconf 89' lang='lat' dir='ltr'>deliquisset</span> <span class='ocrx_word' id='word_1_189' title='bbox 861 3432 1012 3510; x_wconf 86' lang='lat' dir='ltr'>Ovidius,</span> <span class='ocrx_word' id='word_1_190' title='bbox 1028 3455 1104 3510; x_wconf 89' lang='lat' dir='ltr'>non,</span> <span class='ocrx_word' id='word_1_191' title='bbox 1121 3442 1158 3496; x_wconf 90' lang='lat' dir='ltr'>ut</span> <span class='ocrx_word' id='word_1_192' title='bbox 1172 3427 1293 3517; x_wconf 89' lang='lat' dir='ltr'>ubique</span> 
     </span>
     <span class='ocr_line' id='line_1_28' title="bbox 239 3533 1294 3621; baseline -0.001 -22"><span class='ocrx_word' id='word_1_193' title='bbox 239 3536 310 3621; x_wconf 91' lang='lat' dir='ltr'>ipse</span> <span class='ocrx_word' id='word_1_194' title='bbox 330 3535 453 3611; x_wconf 85' lang='lat' dir='ltr'>scribit,</span> <span class='ocrx_word' id='word_1_195' title='bbox 468 3556 528 3619; x_wconf 91' lang='lat' dir='ltr'>per</span> <span class='ocrx_word' id='word_1_196' title='bbox 547 3546 700 3612; x_wconf 80' lang='lat' dir='ltr'>errorem,</span> <span class='ocrx_word' id='word_1_197' title='bbox 722 3544 756 3598; x_wconf 89' lang='lat' dir='ltr'>et</span> <span class='ocrx_word' id='word_1_198' title='bbox 775 3534 957 3599; x_wconf 89' lang='lat' dir='ltr'>inscienter.</span> <span class='ocrx_word' id='word_1_199' title='bbox 1004 3533 1182 3611; x_wconf 87' lang='lat' dir='ltr'>Praeterea,</span> <span class='ocrx_word' id='word_1_200' title='bbox 1197 3556 1294 3619; x_wconf 93' lang='lat' dir='ltr'>quam</span> 
     </span>
     <span class='ocr_line' id='line_1_29' title="bbox 239 3634 1295 3722; baseline -0.002 -20"><span class='ocrx_word' id='word_1_201' title='bbox 239 3636 317 3702; x_wconf 87' lang='lat' dir='ltr'>ficto</span> <span class='ocrx_word' id='word_1_202' title='bbox 339 3638 466 3700; x_wconf 90' lang='lat' dir='ltr'>nomine</span> <span class='ocrx_word' id='word_1_203' title='bbox 482 3636 656 3700; x_wconf 85' lang='lat' dir='ltr'>Corinnam</span> <span class='ocrx_word' id='word_1_204' title='bbox 677 3634 863 3722; x_wconf 85' lang='lat' dir='ltr'>appellavit,</span> <span class='ocrx_word' id='word_1_205' title='bbox 880 3637 1019 3721; x_wconf 91' lang='lat' dir='ltr'>potitum</span> <span class='ocrx_word' id='word_1_206' title='bbox 1038 3659 1073 3701; x_wconf 89' lang='lat' dir='ltr'>se</span> <span class='ocrx_word' id='word_1_207' title='bbox 1091 3646 1239 3714; x_wconf 89' lang='lat' dir='ltr'>testatur,</span> <span class='ocrx_word' id='word_1_208' title='bbox 1261 3637 1295 3700; x_wconf 90' lang='lat' dir='ltr'>in</span> 
     </span>
     <span class='ocr_line' id='line_1_30' title="bbox 241 3737 969 3824; baseline -0.004 -19"><span class='ocrx_word' id='word_1_209' title='bbox 241 3738 429 3816; x_wconf 90' lang='lat' dir='ltr'>Amoribus‚</span> <span class='ocrx_word' id='word_1_210' title='bbox 445 3737 528 3803; x_wconf 88' lang='lat' dir='ltr'>libro</span> <span class='ocrx_word' id='word_1_211' title='bbox 543 3739 660 3824; x_wconf 88' lang='lat' dir='ltr'>primo,</span> <span class='ocrx_word' id='word_1_212' title='bbox 677 3737 773 3824; x_wconf 88' lang='lat' dir='ltr'>Eleg.</span> <span class='ocrx_word' id='word_1_213' title='bbox 790 3762 820 3802; x_wconf 87' lang='lat' dir='ltr'>v.</span> <span class='ocrx_word' id='word_1_214' title='bbox 838 3738 969 3803; x_wconf 90' lang='lat' dir='ltr'>dicens:</span> 
     </span>
    </p>
   </div>
   <div class='ocr_carea' id='block_1_10' title="bbox 318 3966 1062 4144">
    <p class='ocr_par' dir='ltr' id='par_1_12' title="bbox 318 3966 1062 4144">
     <span class='ocr_line' id='line_1_31' title="bbox 318 3966 1062 4047; baseline -0.003 -19"><span class='ocrx_word' id='word_1_215' title='bbox 318 3968 441 4047; x_wconf 80' lang='lat' dir='ltr'>Singula</span> <span class='ocrx_word' id='word_1_216' title='bbox 454 3967 526 4047; x_wconf 91' lang='lat' dir='ltr'>quid</span> <span class='ocrx_word' id='word_1_217' title='bbox 539 3969 684 4029; x_wconf 82' lang='lat' dir='ltr'>referam?</span> <span class='ocrx_word' id='word_1_218' title='bbox 706 3968 749 4028; x_wconf 92' lang='lat' dir='ltr'>nil</span> <span class='ocrx_word' id='word_1_219' title='bbox 762 3988 819 4028; x_wconf 92' lang='lat' dir='ltr'>non</span> <span class='ocrx_word' id='word_1_220' title='bbox 832 3967 978 4028; x_wconf 80' lang='lat' dir='ltr'>laudabile</span> <span class='ocrx_word' id='word_1_221' title='bbox 991 3966 1062 4036; x_wconf 84' lang='lat' dir='ltr'>vidi,</span> 
     </span>
     <span class='ocr_line' id='line_1_32' title="bbox 356 4062 1019 4144; baseline -0.003 -23"><span class='ocrx_word' id='word_1_222' title='bbox 356 4062 399 4122; x_wconf 85' lang='lat' dir='ltr'>Et</span> <span class='ocrx_word' id='word_1_223' title='bbox 412 4063 519 4125; x_wconf 90' lang='lat' dir='ltr'>nudam</span> <span class='ocrx_word' id='word_1_224' title='bbox 534 4065 626 4144; x_wconf 87' lang='lat' dir='ltr'>pressi</span> <span class='ocrx_word' id='word_1_225' title='bbox 640 4085 742 4144; x_wconf 87' lang='lat' dir='ltr'>corpus</span> <span class='ocrx_word' id='word_1_226' title='bbox 756 4063 793 4125; x_wconf 88' lang='lat' dir='ltr'>ad</span> <span class='ocrx_word' id='word_1_227' title='bbox 806 4084 899 4143; x_wconf 85' lang='lat' dir='ltr'>usque</span> <span class='ocrx_word' id='word_1_228' title='bbox 911 4083 1019 4122; x_wconf 87' lang='lat' dir='ltr'>meum.</span> 
     </span>
    </p>
   </div>
   <div class='ocr_carea' id='block_1_11' title="bbox 0 0 1452 4980">
    <p class='ocr_par' dir='ltr' id='par_1_13' title="bbox 0 0 1452 4980">
     <span class='ocr_line' id='line_1_33' title="bbox 0 0 1452 4980; baseline 0 0"><span class='ocrx_word' id='word_1_229' title='bbox 0 0 1452 4980; x_wconf 95' lang='lat' dir='ltr'> </span> 
     </span>
    </p>
   </div>
  </div>
 </body>
</html>
