2904 4994
462 363 722 475 Eunomus.
753 402 824 473 nr.
848 403 911 471 rv.

169 581 261 658 Sola
276 606 347 658 nee
364 571 446 659 haeo
463 582 572 656 nobis
590 581 725 678 injuria
740 580 843 654 venit
859 579 907 654 ab
925 579 1011 654 illo:

220 698 266 774 ln
283 700 428 797 magnis
445 696 525 773 laesi
542 698 654 772 rebus
672 709 948 825 uterqu‘jtdfm„
982 753 990 769 .
1037 753 1171 812 mm
1195 740 1244 807 ὦ

78 812 270 899 formosa
286 816 359 890 mei
376 813 499 914 fratris
517 803 625 888 clavi
639 813 825 911 perfracta
841 795 937 885 trrrio
966 790 1012 884 Γι
1142 816 1211 886 115

68 965 132 1003 ι...
220 930 372 1029 Sparsit
384 930 487 1004 humi
503 956 511 1004 :
541 953 644 1034 soror
661 940 719 1002 est
735 928 863 1027 praeda
879 927 1011 1001 relicta
1027 925 1126 1002 ieris

168 1044 298 1138 Prima
314 1046 544 1142 securigeras
561 1045 658 1117 inter
674 1043 808 1117 virtute
827 1044 971 1142 puellas

94 1256 98 1263 .
219 1160 274 1236 Te
291 1162 450 1261 peperit,
469 1160 547 1236 nati
564 1161 679 1257 digna
693 1160 819 1257 vigore
837 1184 986 1260 parens.

68 1260 93 1351 5¹*
171 1275 213 1350 Si
224 1301 389 1378 quaeras,
408 1277 473 1350 ubi
491 1277 560 1365 sit3
590 1275 758 1350 Theseus
776 1277 874 1351 latus
892 1301 983 1351 ense
1000 1278 1167 1377 peregit:

219 1391 303 1467 Nec
320 1403 430 1467 tanto·
442 1403 563 1466 mater
579 1392 734 1491 pignore
751 1402 834 1466 tuta
850 1392 931 1466 fuit.
1142 1398 1212 1468 120

169 1507 223 1582 At
238 1533 285 1582 ne
303 1520 422 1607 nupta
439 1508 605 1607 quidem,
618 1507 791 1605 taedaque
801 1520 960 1607 accepta
972 1509 1104 1606 juguli.

220 1624 324 1698 Curi
351 1626 422 1699 nisi
440 1649 488 1699 ne
506 1647 662 1723 caperes
680 1647 796 1720 regna
812 1636 969 1723 paterna
984 1626 1135 1701 nothus,

169 1737 327 1814 Addidit
344 1752 382 1815 et
399 1741 531 1815 fratres
550 1765 598 1815 ex
616 1765 677 1814 me
694 1741 784 1816 tibi:
813 1766 908 1840 quos
925 1753 1052 1817 tamen
1069 1768 1200 1819 omnes

220 1856 308 1932 Non
326 1882 396 1956 ego
413 1858 567 1933 tollendi
585 1881 730 1946 caussa,
748 1859 817 1933 sed
834 1859 898 1933 ille
914 1858 994 1934 fuit.

169 2083 233 2148 qnod
255 2084 372 2135 incertum
396 2085 557 2154 etqtimidurn
578 2087 666 2137 iaceret
715 2084 788 2136 tione.

168 2157 333 2224 Hippolytum,
349 2159 390 2209 sed
406 2177 435 2210 ex
453 2170 518 2210 certa
532 2161 616 2210 notitia
630 2160 665 2210 lo·
736 2160 812 2209 Vetus
822 2159 936 2226 interpres
944 2160 1035 2210 Matth.
1047 2161 1098 2210 ui.
1109 2164 1135 2212 5.
1153 2162 1213 2211 Eoos

169 2235 257 2301 quitur,
268 2245 295 2285 ut
305 2235 497 2287 confidentiorem
508 2238 597 2288 laceret
609 2236 665 2286 ndo·
716 2233 766 2283 lto
780 2245 833 2283 rum
850 2239 912 2284 veuit
930 2237 971 2284 tihi
986 2245 1124 2293 muratus,
1135 2234 1212 2287 ttool

168 2309 305 2360 tuomum.
337 2311 450 2361 Bonis„
714 2305 834 2370 βασιλεὺς
844 2310 883 2358 ooi
893 2309 992 2374 ἔρχεται
1002 2309 1094 2375 πραΰς.
1119 2310 1211 2360 Herus.

204 2384 259 2432 112.
272 2385 401 2433 Pirithoum
409 2383 530 2447 phaora]
548 2384 586 2432 De
598 2383 667 2433 Pho·
715 2381 813 2431 Mollius
824 2383 872 2432 sore
882 2383 903 2432 si
913 2382 1013 2448 legatur,
1022 2386 1069 2432 solo
1077 2402 1148 2448 nepus
1157 2386 1211 2443 hoo,

169 2456 257 2508 drusio
267 2458 388 2526 Hyginus:
402 2459 500 2507 Phaedro
510 2459 664 2522 Minoisfilia,
715 2457 828 2504 censebat
844 2455 965 2514 Francius,
975 2473 1005 2506 ne
1021 2467 1160 2507 concurrunt
1171 2477 1211 2508 neo

171 2532 248 2582 nont
266 2550 332 2591 uror,
356 2532 508 2597 Hippolytum
532 2534 665 2596 priuignum
715 2537 741 2577 et
752 2531 807 2578 hoo.
828 2538 856 2578 nt
871 2533 1026 2594 veroinjurin
1036 2531 1210 2581 vestirelticdi·

168 2622 236 2655 mom
244 2610 438 2671 odomooitpusm
446 2624 497 2655 eum
504 2624 550 2655 mon
558 2608 665 2669 potuim
715 2603 783 2660 citur,
794 2603 828 2654 ita
838 2613 864 2653 et
872 2603 961 2654 Statius
971 2604 1003 2654 ri.
1012 2606 1071 2654 6³4.

168 2683 202 2730 od
209 2698 273 2731 m
280 2684 404 2746 perdiscere
413 2682 559 2737 uoluntatem,
571 2683 665 2730 tobelhrs
749 2678 811 2744 Eque
823 2689 861 2729 tuo
871 2682 933 2729 uenit
943 2681 988 2728 hoo
997 2683 1088 2744 irpurio
1096 2690 1155 2730 ooto.

168 2757 263 2820 scriptos
282 2758 312 2805 od
333 2758 408 2805 oimm
425 2772 491 2804 suum
509 2757 579 2811 misit,
596 2771 619 2803 u
636 2757 665 2803 olo
1122 2755 1212 2809 Bunrr.

169 2827 294 2894 Hippolyto
311 2845 453 2892 compressor
469 2845 521 2885 ase,
537 2845 601 2892 seque
615 2830 665 2890 ipso
749 2828 804 2876 l2l.
821 2831 853 2877 At
871 2845 912 2877 meo
930 2828 1026 2891 nuptm]
1050 2827 1149 2879 Mollius
1167 2843 1212 2891 est,

168 2905 286 2966 suspendio
294 2904 393 2959 moomt,
403 2910 425 2950 ot
438 2900 532 2950 Theseus
541 2918 567 2950 re
583 2903 665 2950 audito
715 2911 740 2950 nt
750 2919 779 2950 no
788 2913 862 2965 nupto
871 2905 969 2966 quidem,
980 2912 1006 2951 ut
1022 2909 1059 2951 est
1073 2902 1211 2957 in'l'ranco-

169 2976 243 3028 otum
258 2992 325 3025 mum
342 2976 428 3025 lorihu
442 2976 632 3037 majestis,
643 2983 665 3023 ot
715 2975 812 3025 lurtensi
827 2986 851 3025 et
866 2976 973 3042 plurimis
987 2976 1106 3034 ¹aliis,nee
1123 2995 1169 3028 non
1185 2982 1210 3032 in

168 3052 256 3113 optauit
271 3069 286 3098 o
304 3049 411 3113 Neptuno
424 3058 492 3112 poteo
500 3049 556 3112 filio
568 3065 608 3097 ruo
618 3051 665 3097 oui·
714 3051 813 3120 vetustis
823 3050 965 3101 editionibus
975 3050 1075 3116 aliquot.
1108 3054 1199 3105 Buenr.

170 3127 237 3173 tium
275 3122 357 3186 ltaque
374 3139 426 3171 oum
446 3122 585 3186 Himlytuo
605 3124 666 3185 spuit
748 3128 780 3174 At
796 3143 837 3175 noo
855 3137 928 3189 nupto
948 3126 1062 3189 quidm]
1081 3125 1210 3196 Aliuinjn·

161 3200 255 3260 junctis
270 3198 397 3252 aeteram,
407 3206 498 3259 reponte
508 3213 520 3245 o
530 3199 588 3244 mori
604 3195 665 3245 Tuu-
716 3199 758 3255 ria,
770 3199 834 3264 quod
850 3217 898 3250 non
915 3199 1140 3266 occeperituxorern
1150 3202 1209 3269 legi-

168 3273 666 3336 moppomsihoujusmugituepuieopoue·
717 3273 799 3322 timum
817 3273 981 3340 Hippolytum,
1001 3282 1100 3323 matrem
1118 3277 1211 3344 Hippo·

161 3345 229 3413 scoti
239 3346 389 3410 Hippolytum
399 3347 565 3402 diurnremnt,
576 3348 667 3408 vitaque
715 3346 769 3411 lyd,
775 3346 846 3413 idque
852 3349 941 3397 lactum
948 3348 1018 3397 luisse
1028 3348 1087 3397 dicit
1097 3350 1210 3401 aTheseo

167 3421 301 3482 primm.
335 3418 407 3467 Cror.
716 3420 741 3469 in
753 3421 834 3471 odium
845 3421 981 3488 Hippolyti:
998 3431 1026 3471 ut
1042 3438 1090 3471 non
1104 3422 1210 3489 legitime

127 3550 130 3555 ¹
204 3494 260 3542 113.
279 3492 327 3541 Noe
345 3494 392 3540 solu
411 3493 455 3541 hee
473 3493 504 3557 od
522 3509 561 3540 uos
576 3493 666 3554 injurio
717 3502 796 3551 natus,
813 3511 860 3543 non
874 3504 953 3561 posset
968 3495 1096 3545 succedere
1106 3506 1210 3563 paterne

170 3566 255 3630 omit]
275 3565 328 3614 Soio
347 3582 388 3614 mo
407 3566 451 3614 hoo
471 3565 560 3630 scripti,
581 3574 666 3631 preter
716 3567 857 3618 hereditati.

169 3638 325 3689 Borberinurn
340 3638 446 3688 oodieem
463 3647 487 3687 et
502 3638 603 3688 alterum
620 3640 665 3687 Io·
750 3643 805 3691 122.
824 3642 896 3705 Cum]
915 3642 973 3691 Seii.
985 3658 1031 3692 non
1043 3650 1079 3691 est
1088 3651 1196 3709 accepta.

168 3714 305 3764 vaniensem
321 3712 520 3772 Societatislesn,
531 3713 664 3778 inquibus:
750 3716 806 3764 12³.
823 3718 921 3764 Addidit
929 3716 1030 3780 fratres,
1044 3715 1102 3778 δια]
1121 3713 1150 3762 Id
1167 3726 1212 3773 est,

170 3787 224 3838 Solo
232 3790 485 3852 oeolaeooobisirpurio
492 3789 665 3853 uenitelegun·
715 3788 797 3852 genuit
816 3789 888 3838 etiarn
906 3789 965 3838 alios
981 3789 1041 3838 filios
1057 3804 1087 3837 ex
1104 3803 1151 3844 me,
1170 3789 1212 3853 qui

170 3869 215 3911 ter.
248 3864 283 3912 Τὸ
300 3865 378 3912 nemim
392 3862 665 3913 enimcumtertiocasu
715 3869 771 3910 sunt
784 3863 866 3912 iratres
881 3863 940 3913 tibi:
958 3879 1012 3912 nam
1030 3863 1050 3911 si
1067 3870 1169 3910 amasset
1179 3871 1212 3920 te,

166 3934 247 4001 jungit
258 3936 392 4001 frequenter
402 3936 511 3995 Ovidius,
522 3937 581 3986 utin
590 3936 666 3986 Fastis
715 3952 763 3985 non
773 3946 877 3986 curasset
883 3953 912 3985 ex
924 3937 971 3986 elin
978 3936 1075 3985 muliere
1085 3935 1212 4001 suscipere,

171 4008 215 4058 lib.
226 4026 250 4058 v.
261 4010 320 4058 648.
337 4009 383 4058 fide
394 4009 534 4074 optimorum
544 4009 663 4059 codicum:
716 4026 747 4059 ne
757 4019 781 4060 te
788 4009 927 4061 offenderet.
945 4026 973 4058 ex
986 4008 1087 4057 Phaedra
1097 4007 1160 4056 enirn
1168 4025 1211 4059 na·

173 4105 175 4127 :
205 4083 238 4132 Et
247 4087 338 4134 tandem
349 4085 408 4133 Coeo
417 4086 494 4134 delita
501 4103 568 4148 pono
577 4087 650 4134 omit.
716 4091 755 4132 tus
774 4093 811 4133 est
830 4082 994 4146 Demophoon,
1015 4090 1039 4131 et
1057 4080 1213 4134 Antilochus.

170 4156 334 4207 steuGraci
344 4158 460 4223 ἔρχεσθαι
470 4175 512 4224 pro
523 4176 575 4207 esre.
608 4158 666 4208 Pro·
717 4156 756 4206 rel
766 4165 794 4206 ut
803 4156 844 4205 ulii
854 4155 944 4212 volunt,
955 4155 1108 4205 Aarnuntos.

171 4230 260 4297 portius
267 4230 536 4297 multusqnoqneestin
547 4231 667 4281 hecloou·
752 4231 807 4280 12⁴.
825 4231 869 4280 δαί
887 4231 928 4280 ute
946 4230 1018 4295 fuit]
1038 4229 1092 4280 Non
1111 4245 1151 4296 ego
1168 4232 1212 4280 tol·
