2896 4980
193 313 259 380 4118
487 313 529 379 P.
550 309 715 378 ovtmr
737 309 950 378 NASONIS

197 487 340 562 Parvus
357 498 451 573 erat,
470 486 721 583 manibusque
736 484 833 557 duos
843 482 1072 582 *Tirynthius
1089 507 1235 580 angues

248 601 410 676 Pressit:
440 603 533 676 etin
550 602 659 676 curris
672 603 752 698 Jam
768 600 864 675 Jove
880 600 1018 696 dignus
1035 610 1128 674 erat.

198 716 311 791 Nunc
330 740 484 814 quoque
501 717 568 814 qui
594 739 687 815 puer
704 740 759 801 es,
778 725 943 811 quantus
961 726 1056 799 tum,
1077 713 1245 800 Bacche,

248 831 348 905 Cum
365 831 490 906 timuit
507 832 657 930 thyrsos
677 829 788 903 India
803 829 903 903 victa
918 829 1025 902 tuos!
1112 829 1244 926 [fuisti

198 947 389 1046 Auspiciis
407 946 618 1044 animisque
636 945 765 1043 patris,
784 968 891 1041 puer,
911 967 1015 1018 arma
1031 945 1227 1020 movebis:

249 1059 300 1136 Et
316 1061 444 1136 vinces
462 1060 595 1135 animis
613 1059 870 1157 auspiciisque
887 1058 1017 1156 patris.
1174 1064 1245 1134 192

197 1175 290 1252 Tale
308 1176 562 1251 rudimentum
579 1185 686 1250 tanto
703 1176 775 1248 sub
793 1174 946 1249 nomine
961 1174 1101 1262 debes;

250 1290 363 1364 Nunc
377 1293 558 1388 juvenum
576 1291 765 1389 princeps,
784 1289 922 1363 deinde
939 1289 1064 1364 future
1081 1311 1227 1364 senum.

199 1405 300 1479 Cum
317 1406 386 1479 tibi
404 1406 480 1480 sint
496 1405 640 1493 fratres,
658 1405 792 1480 fratres
809 1406 992 1479 ulciscere
1009 1405 1143 1480 iaesos:
1179 1410 1245 1481 195

250 1520 426 1619 Cumque
445 1533 552 1620 pater
568 1520 637 1595 tibi
655 1521 716 1607 sit,
732 1523 820 1618 jura
835 1531 942 1596 tuere
959 1521 1090 1619 patris.

200 1635 330 1710 lnduit
347 1660 451 1710 arma
467 1636 536 1710 tibi
555 1636 702 1732 genitor
717 1635 927 1734 patriaeque
944 1647 1131 1733 tuusque:

251 1750 383 1825 Hostis
405 1753 454 1825 ab
472 1750 587 1824 invito
604 1773 721 1847 regna
737 1761 891 1848 parente
909 1750 1020 1849 rapit

199 1865 259 1940 Tu
277 1867 340 1964 pia
356 1868 433 1941 tela
449 1865 559 1953 seres,
578 1866 781 1940 sceleratas
799 1867 862 1941 ille
879 1867 1059 1963 sagittas:
1268 1947 1270 1951 ,

252 1981 416 2055 Stabunt
433 2004 501 2079 pro
519 1980 636 2078 signis
649 1983 790 2078 jusque
807 1982 990 2079 piumque
1006 1981 1094 2055 tuis.
1172 1988 1247 2055 200

201 2095 413 2167 Vincuntur
429 2097 567 2168 caussa
588 2095 740 2183 Parthi;
768 2096 966 2171 vincantur
983 2107 1022 2171 et
1039 2098 1164 2170 armis.

252 2209 352 2285 Eiias
372 2210 479 2285 Latio
496 2210 576 2283 dux
594 2235 701 2284 meus
720 2211 835 2285 addat
851 2236 956 2311 opes.

202 2325 385 2424 Marsque
395 2337 515 2425 pater,
529 2325 735 2423 Caesarque
749 2338 869 2424 pater,
880 2329 969 2402 date'
979 2330 1245 2403 numeneunti.

254 2441 353 2516 Nam
372 2442 479 2517 Deus
497 2467 519 2517 e
536 2442 643 2547 robis
662 2442 756 2517 alter
772 2467 828 2529 es,
847 2444 1043 2518 nitereris.
1274 2437 1276 2439 ’

237 2708 292 2755 191.
306 2708 418 2769 Auspiciis
429 2709 701 2770 suumomni-ispum,
751 2707 878 2764 mansisset,
895 2707 983 2756 occidit
1002 2707 1092 2758 sceiere
1108 2716 1133 2757 et
1151 2709 1249 2774 perfidia

200 2797 267 2828 urum
277 2783 378 2837 mombis,
397 2781 428 2828 Et
443 2783 518 2829 stuccs
533 2783 609 2837 asub,
625 2784 701 2842 surpi-
752 2780 891 2829 Parthorum
901 2780 970 2829 ducis
980 2781 1095 2838 Domner,
1101 2781 1249 2831 interemtus.

202 2858 287 2918 citoque
302 2856 398 2918 putris]
418 2854 494 2903 iidem
509 2854 554 2903 iib.
571 2870 634 2909 vere,
649 2857 701 2902 uni·
752 2853 844 2909 Florus,
855 2854 890 2902 ir.
903 2855 943 2902 ta.
975 2853 1064 2902 Aure.

203 2931 259 2976 mis.-
276 2929 319 2977 Est
336 2939 416 2978 autem
433 2928 581 2993 Apostrophe
600 2928 630 2976 ad
642 2928 702 2978 Ger·
787 2930 843 2977 195.
862 2929 939 2983 Quum
958 2930 1000 2976 ribi
1021 2931 1067 2976 sint
1078 2927 1170 2993 scotres
1189 2928 1249 2991 dre]

204 3002 333 3058 mauicum,
354 3003 393 3052 vei
414 3001 492 3067 potius
518 3001 549 3050 ad
567 3001 702 3062 Tiberium;
753 3002 841 3052 lucius
852 3002 933 3051 Cesar
944 3011 967 3051 et
979 3002 1017 3050 M.
1027 3001 1136 3068 Agrippa
1147 3001 1249 3050 Parthu-

204 3077 245 3140 qui
273 3076 399 3142 adoptione
426 3084 478 3124 erat
500 3076 603 3140 Augusti
630 3075 702 3124 fitius.
753 3075 830 3135 mius;
847 3091 907 3140 quos
917 3074 1051 3130 tesosdicit
1060 3071 1155 3141 propter
1159 3074 1201 3140 jus
1212 3090 1251 3124 ac-

120 3212 124 3220 ,
204 3149 267 3199 Vide
277 3165 330 3213 qure
346 3149 427 3198 notavi
439 3148 463 3197 in
479 3148 580 3197 Schoiiis
589 3149 614 3198 in
631 3148 675 3197 tib.
686 3148 703 3196 i.
752 3149 858 3215 cipiendi
876 3158 977 3199 rectores
986 3150 1116 3206 Romame,
1133 3147 1253 3198 aPartbis

205 3222 269 3270 rust.
280 3223 391 3287 qurejam
402 3221 467 3271 edita
476 3231 541 3270 sunt.
564 3221 702 3271 Crorruus.
752 3223 926 3273 intermissam:
950 3223 1015 3289 quod
1032 3238 1106 3272 unum
1122 3222 1251 3279 Armeniis,

205 3295 243 3343 Ita
255 3295 417 3360 castigatiores
433 3296 495 3344 libri.
512 3305 566 3345 ante
582 3312 703 3361 perperam
753 3297 849 3345 devicto
867 3312 921 3359 rege
938 3295 1050 3361 Tigrane,
1069 3295 1158 3345 servitii
1177 3312 1252 3362 genus

202 3371 272 3416 urrnu
297 3367 322 3415 in
349 3378 449 3433 utroque
476 3386 543 3418 versu
573 3369 704 3435 legebatur.
754 3369 1016 3435 Pompeiusindiderat.
1047 3368 1139 3418 Arrun.

204 3439 296 3488 riuus.
786 3444 843 3491 204.
862 3442 902 3491 Eu
912 3442 975 3491 Deus
982 3444 1007 3490 in
1017 3444 1154 3500 munuum
1163 3453 1186 3490 et
1193 3443 1254 3490 atter

241 3514 295 3562 19⁴.
314 3512 382 3561 Nunc
392 3518 506 3575 junonum
524 3517 629 3577 princeps
643 3517 702 3581 dre]
753 3518 822 3582 erit]
840 3516 870 3564 In
882 3516 978 3565 Aldinis
994 3515 1096 3581 legitur:
1115 3516 1178 3565 Nun
1192 3516 1254 3565 Dm

207 3586 317 3650 Princeps
320 3590 454 3649 jussurum
462 3586 594 3645 dicebatur,
603 3589 644 3652 qui
655 3591 703 3654 pri-
754 3608 766 3638 e
782 3594 841 3640 uobis
856 3593 916 3640 alter
927 3607 958 3647 er,
971 3591 1031 3638 ulter
1049 3592 1103 3638 eric.
1126 3588 1254 3654 ‘Intelligit

205 3676 259 3711 mas
274 3662 299 3710 iu
310 3659 497 3726 recognoscendo
510 3661 590 3710 ordine
600 3664 704 3726 equestri
754 3673 834 3713 autem
849 3665 954 3713 Martem
969 3671 995 3712 et
1004 3663 1149 3726 Augustum,
1159 3660 1192 3711 de
1201 3663 1253 3727 qui-

205 3734 357 3785 recitnbatur.
389 3734 582 3783 Perindeacille
595 3735 706 3798 Princeps
754 3738 799 3786 bus
808 3735 952 3802 precedenti
963 3751 1030 3785 versu
1041 3735 1131 3785 mentio
1139 3735 1253 3800 fitrqrro-

205 3820 304 3867 tructus,
315 3809 366 3859 sive
376 3808 512 3872 scnum,qui
528 3808 617 3872 primus
633 3809 658 3858 in
668 3825 704 3858 se-
755 3825 806 3858 rum
824 3810 893 3865 alter,
909 3809 956 3859 hoc
971 3818 1008 3858 est
1025 3808 1103 3866 Mars,
1121 3809 1172 3874 jorn
1187 3804 1272 3858 Deus'

207 3891 277 3933 nutus
287 3884 422 3934 recensione
440 3893 540 3948 augrnto
551 3882 620 3931 titulo
631 3885 704 3931 nomi·
755 3893 818 3932 erat:
837 3885 897 3932 alter
913 3892 1003 3940 antem,
1018 3883 1143 3947 Augustus
1154 3883 1254 3938 scilicet,

205 3958 316 4006 nabetur.
349 3957 421 4015 Quod
434 3957 530 4021 quidem
546 3956 705 4006 CaioCresari
755 3957 847 4006 tuturus
862 3966 921 4006 erat.
955 3957 1058 4021 quuod
1071 3971 1101 4006 cx
1116 3956 1254 4019 eocossige·

206 4045 254 4079 non
274 4031 381 4095 contigit,
399 4031 440 4095 qui
457 4032 552 4096 juvenis
569 4030 704 4088 admodum,
755 4032 884 4097 batpo'eta,
895 4031 958 4095 quod
969 4030 1103 4080 etiamtum
1113 4030 1170 4080 rivo
1179 4029 1253 4078 divisi

207 4103 302 4153 biennio
322 4105 413 4155 scilicet
429 4116 554 4172 postquam
572 4106 650 4158 Roma
669 4107 706 4155 di·
756 4105 854 4155 honum
869 4104 1064 4155 decernebantur.
1100 4104 1157 4154 Non
1176 4111 1254 4153 sutem
