2896 4980
192 300 259 370 418
484 300 524 365 Ρ.
548 296 710 365 ovum
733 294 948 365 NASONIS

201 475 284 551 Nec
302 473 407 575 potui
424 474 594 573 cupiens,
612 472 752 571 pariter
768 472 946 571 cupiente
963 469 1105 570 puella,
1216 474 1237 543 5

251 590 421 687 Inguinis
438 589 553 665 effoeti
570 599 677 687 parte
688 589 846 684 juvante
861 586 946 660 frui.

201 705 274 781 Illa
290 707 443 805 quidem
460 716 589 779 nostro
606 705 769 802 subjecit
786 704 952 777 eburnea
967 702 1066 776 collo

251 821 426 908 Brachia,
447 821 620 894 Sithonia
639 821 855 895 candidiora
872 821 975 893 nive:

202 934 420 1035 Osculaque
437 937 593 1010 inseruit
610 936 758 1034 cupidae
776 934 958 1009 luctantia
974 933 1135 1031 linguae:

252 1051 449 1126 Lascivum
465 1051 595 1125 femori
614 1049 889 1148 supposuitque
905 1047 1039 1122 femur.
1201 1051 1242 1119 10

202 1164 253 1240 Et
269 1167 360 1241 mihi
377 1168 578 1241 blanditias
594 1167 703 1253 dixit,
724 1167 1005 1263 Dominumque
1022 1164 1189 1238 vocavit:

252 1279 303 1356 Et
319 1307 405 1380 quae
423 1294 605 1381 praeterea
621 1283 775 1382 publica
790 1285 905 1357 verba
916 1284 1063 1379 juvant.

200 1396 320 1472 Tacta
336 1409 461 1473 tamen
478 1400 593 1474 veluti
611 1400 738 1495 gelidai
755 1422 841 1473 mea
857 1398 1028 1471 membra
1045 1395 1182 1481 cicuta,

253 1513 394 1610 Segnia
407 1513 640 1613 propositum
657 1514 862 1589 destituere
879 1537 1001 1587 suum.

201 1626 372 1703 Truncus
389 1631 489 1704 iners
502 1631 619 1727 jacui,
633 1630 793 1729 species,
807 1639 847 1704 et
863 1627 993 1702 inutile
1009 1626 1181 1726 pondus:
1202 1628 1242 1698 15

253 1743 336 1817 Nec
354 1745 445 1818 satis
463 1756 641 1817 exactum
658 1755 729 1830 est,
745 1767 882 1842 corpus
898 1767 947 1817 an
964 1743 1100 1817 umbra
1115 1741 1240 1816 forem.

203 1855 298 1942 Quae
312 1861 403 1933 mihi
413 1871 569 1936 ventura
581 1872 641 1935 est
653 1860 859 1958 (siquidem
872 1858 1044 1953 ventura)
1056 1866 1242 1939 senectus,

255 1970 353 2045 Cum
370 1974 470 2048 desit
486 1976 649 2050 numeris
667 1976 752 2074 ipsa
763 1977 921 2072 juventa
936 1973 1040 2046 suist

203 2083 265 2158 Ah
274 2088 392 2184 pudet
402 2091 599 2162 annorum!
619 2114 695 2186 quo
706 2113 766 2163 me
772 2092 1026 2187 juvenemque
1036 2087 1241 2184 virumque,

255 2201 338 2276 Nec
351 2204 541 2300 juvenem,
560 2229 630 2279 nec
649 2230 710 2279 me
727 2206 846 2279 sensit
863 2204 984 2278 amica
999 2203 1133 2276 virum.
1197 2206 1243 2272 20

205 2314 270 2390 Sic
287 2317 458 2392 flammas
476 2319 623 2393 aditura
640 2322 721 2418 pias
739 2330 880 2394 aeterna
895 2318 1071 2392 sacerdos

256 2431 397 2530 Surgit,
416 2445 455 2508 et
472 2459 495 2508 a
511 2458 597 2509 caro
615 2435 727 2510 sratre
744 2436 908 2511 verenda
924 2457 1040 2508 soror.

204 2544 256 2618 At
273 2571 393 2645 nuper
409 2548 467 2622 bis
482 2550 578 2623 flava
596 2551 744 2638 Chlide,
763 2562 821 2625 ter
837 2550 998 2625 candida
1015 2547 1143 2635 Pith0,

256 2660 331 2736 Ter
349 2661 461 2737 Libas
479 2665 600 2739 officio
617 2668 834 2741 continuata
850 2690 947 2740 meo.

241 2927 280 2973 12.
305 2927 424 2994 Publica]
448 2930 562 2996 Apprime
580 2930 626 2981 huc
647 2933 704 2982 iacit
788 2931 1033 2987 Quumnonlumana
1041 2927 1225 2993 utimur-officiis

205 2999 298 3049 Seneca
314 3001 391 3067 Epist.
411 3002 446 3051 iii.
481 3003 562 3067 itaqu
581 3007 613 3053 n'c
628 3008 705 3068 priore
1129 3003 1218 3051 Ani.

206 3075 279 3131 mla,
299 3078 365 3137 quan·
383 3078 473 3138 publico
494 3094 548 3126 anu
571 3095 607 3128 er.-
630 3089 652 3128 el
673 3083 704 3128 aie
787 3082 828 3130 23.
847 3079 925 3143 cla]
944 3077 993 3126 Alii
1001 3077 1080 3127 aliter.
1104 3076 1247 3130 Puteum.

205 3146 273 3193 illam
290 3150 388 3196 amicum
404 3153 498 3206 swani,
509 3153 615 3214 modo
631 3169 705 3200 omnes
756 3152 831 3202 clade.
848 3153 893 3201 hoc
907 3161 951 3207 eat,
962 3149 1047 3216 χλίὸη.
1084 3151 1152 3214 Clyte
1162 3151 1246 3199 Barbe-

206 3222 413 3271 ccndidutoabonor
425 3226 484 3272 viror
500 3227 605 3281 dicimus,
616 3243 704 3288 qrwmn-
753 3226 868 3274 rinianus.
886 3225 953 3282 forte,
968 3224 1045 3272 Chloe.
1062 3239 1118 3289 qun
1134 3231 1161 3273 et
1177 3224 1248 3272 Hm·

206 3293 235 3339 do
245 3295 324 3350 οὸιιίοι,
335 3298 355 3342 ri
372 3314 451 3346 nomen
468 3315 514 3346 non
530 3301 655 3356 accurrit,
665 3303 704 3348 do·
753 3298 845 3349 tianum
854 3307 966 3349 scortum.
997 3296 1106 3347 Maniai.
1120 3297 1157 3346 ix.
1170 3297 1248 3363 Epigr.

207 3367 278 3412 minae
287 3368 421 3417 militemus.
439 3378 464 3418 et
474 3369 551 3434 Epist.
562 3370 605 3419 lix.
636 3373 704 3439 Mag-
758 3375 795 3423 lt.

208 3455 261 3485 nam
272 3455 298 3487 er
307 3443 400 3501 epistota
411 3453 451 3491 tua
459 3446 549 3505 percepi
560 3446 704 3507 volrrptatm.
787 3445 905 3507 inscripsit
914 3445 1002 3493 tumulo
1010 3453 1092 3507 septen
1100 3446 1211 3494 resim
1219 3444 1250 3492 vi·

206 3514 313 3572 pennino
322 3517 382 3562 enim
397 3518 452 3564 mili
469 3520 506 3565 uti
516 3520 588 3567 verba
596 3521 703 3580 publicis,
849 3535 928 3566 rarum

207 3601 249 3632 nec
268 3586 310 3633 illc
327 3589 357 3634 ad
373 3589 559 3653 significationem
577 3591 704 3642 Stoicarum
820 3592 935 3657 Sesecrm
946 3591 1025 3640 Chloe
1041 3592 1098 3655 qnid
1108 3592 1251 3656 pontini*

208 3674 296 3708 renam.
329 3660 908 3714 onninamente

242 3733 274 3783 Et
285 3747 387 3786 meimet
400 3739 483 3800 primos
491 3739 584 3799 publica
594 3742 661 3788 nerlu
672 3757 705 3789 w·
791 3737 868 3787 Pitho
871 3739 882 3802 ]
896 3739 966 3787 Pitho
966 3737 1253 3804 ,inquitcommentffl

273 3826 322 3858 aas.
582 3811 673 3864 Hirrus.
755 3810 821 3860 dicta
829 3821 874 3869 est,
884 3812 1055 3878 quodcrednlu
1066 3822 1140 3871 ercet,
1152 3822 1177 3863 et
1187 3810 1253 3862 aule

240 3883 283 3931 22.
300 3883 357 3933 Post
367 3883 430 3935 lanne
440 3901 534 3935 versum
542 3884 606 3935 duo
600 3903 706 3939 inserun
755 3885 891 3950 persuaded
910 3886 933 3935 ei
952 3884 1044 3951 aliquid
1064 3897 1156 3952 poeoet.
1190 3886 1255 3935 laun

208 3955 263 4003 tur'
257 3972 282 4004 in
291 3958 406 4007 Beruensi
417 3958 513 4009 codiee:
756 3967 836 4008 autern
852 3974 867 4008 a
884 3960 974 4009 libano
993 3968 1074 4010 monte
1093 3960 1203 4020 indua,
1212 3960 1254 4010 &e

243 4028 328 4078 Factus
348 4034 380 4079 ita
392 4034 495 4087 imbellis,
506 4034 705 4098 donandorum
756 4033 816 4082 Haec
826 4049 898 4097 quam
913 4034 961 4082 sint
975 4033 1070 4091 frivola,
1080 4033 1124 4083 ulii
1138 4035 1255 4102 judicent.

271 4106 359 4167 pirella,
758 4106 826 4155 Pano
844 4107 956 4157 aGmco
973 4106 1054 4158 Πιιθῶ
1071 4118 1197 4176 sumptum
1212 4116 1255 4163 αἱ,
