2896 4980
200 327 267 394 θῶ
488 330 527 394 Ρ.
551 328 713 395 OVIDII
737 326 949 397 NASONIS

205 500 300 574 Pars
318 502 497 600 adaperta
513 503 597 589 suit,
617 528 704 601 pars
722 505 841 579 altera
858 505 988 579 clausa
1003 503 1193 580 fenestrae:

255 614 376 700 Quale
394 617 470 691 fere
488 620 591 691 silvae
609 620 736 692 lumen
754 620 892 694 habere
910 620 1045 694 solent.

205 732 341 816 Qualia
355 736 567 822 sublucent,
586 735 766 832 fugiente,
786 736 1021 834 crepuscula,
1041 735 1233 811 Phoebotti

253 849 332 923 Aut
349 851 411 923 ubi
432 875 508 924 nox
525 851 630 936 abiit,
650 876 720 925 uec
738 862 865 925 tamen
883 862 965 925 orta
982 852 1079 926 dies.

203 962 274 1037 llla
290 966 512 1039 verecundis
529 968 596 1039 lux
613 976 672 1040 est
688 968 894 1064 prebenda
911 966 1059 1065 puellis,

253 1079 339 1165 Qua
358 1082 511 1156 timidus
529 1083 692 1156 latebras
710 1094 837 1181 speret
854 1083 994 1158 habere
1011 1084 1143 1182 pudor.

204 1194 305 1271 Ecce
324 1197 492 1272 Corinna
507 1199 621 1285 venit,
640 1199 768 1271 tunica
784 1199 907 1273 velata
924 1199 1104 1286 recinctai,

254 1312 429 1386 Candida
445 1314 599 1387 dividuis
617 1314 716 1386 colla
732 1325 884 1410 tegente
902 1316 1032 1390 cornei:
1197 1318 1235 1387 10

203 1428 372 1512 Qualiter
391 1429 428 1501 in
446 1429 631 1503 thalamos
649 1427 811 1502 formosa
831 1430 1049 1504 Semiramis
1067 1431 1142 1505 isse

255 1544 414 1630 Dicitur,
433 1554 472 1617 et
490 1544 618 1616 multis
638 1541 724 1616 Lais
744 1556 869 1619 amata
884 1546 986 1619 viris.

204 1658 359 1756 Deripui
378 1661 563 1745 tunicam3
593 1684 663 1733 nec
682 1662 841 1735 multum
859 1687 943 1736 rara
960 1663 1143 1737 nocebat:

253 1774 454 1870 Pugnabat
471 1776 600 1849 tunice
619 1776 686 1848 sed
705 1786 830 1849 temen
848 1778 912 1851 illa
928 1779 1020 1875 tegi.

199 1949 286 2005 posset.
296 1940 345 1989 vid.
355 1951 380 1990 et
389 1942 466 2006 Epist.
477 1942 524 1989 xvi.
536 1944 593 1991 315.
608 1951 696 1990 utrum-
784 1944 822 1990 ll.
850 1943 1001 2006 Semiramis]
1030 1942 1091 1991 Heec
1108 1941 1166 1992 Nini
1184 1941 1236 2005 regit

200 2030 247 2076 que
258 2014 381 2079 conjungit
390 2014 445 2062 infr.
457 2015 482 2062 ii.
493 2015 575 2063 Amor.
589 2033 611 2064 x.
625 2018 662 2064 17.
673 2024 698 2065 et
748 2017 896 2081 Assyriomm
907 2018 953 2066 tuit
965 2033 1033 2075 uxor,
1040 2025 1065 2066 et
1075 2017 1148 2067 enimi
1155 2016 1235 2082 megu-

203 2088 240 2136 18.
257 2088 317 2135 nihil
328 2097 406 2136 tamen
420 2099 501 2137 contre
515 2090 609 2138 codices
624 2089 697 2139 aude·
747 2091 838 2149 tudine,
853 2098 878 2140 ct
893 2092 996 2156 corporis
1012 2091 1187 2156 pulchritudine
1201 2107 1234 2141 er·

199 2177 252 2211 mne
264 2178 368 2219 morere,
380 2164 424 2211 nisi
436 2162 498 2228 quod
513 2167 606 2226 imposui
622 2164 698 2229 magis
747 2164 843 2215 cellens.

199 2236 287 2303 plecet,
298 2253 370 2301 quarn
380 2241 480 2299 apponii·
491 2248 516 2286 ιιι
527 2239 588 2286 Stat.
598 2238 624 2286 ii.
636 2240 697 2288 Silv.
782 2240 821 2287 12.
834 2237 912 2302 lain]
925 2238 985 2287 trec
996 2248 1024 2288 ut
1034 2238 1157 2288 Plutereh.
1165 2236 1234 2288 inth-

199 2311 215 2359 i.
226 2312 266 2360 63.
300 2311 419 2372 Impositos
429 2316 514 2361 stratis.
547 2312 697 2362 Petron.28.
747 2313 790 2362 ciae
802 2312 991 2369 virescentem
1003 2312 1226 2379 SiciliainPelopoe

199 2386 294 2436 Iertes
304 2390 437 2448 imponitur.
472 2386 584 2436 Francius
594 2387 697 2445 volebat,
748 2384 1234 2452 nesuminterulioscaptivoepnmerlhue

197 2465 317 2524 composui.
335 2461 377 2509 sed
391 2460 698 2525 negligentersenbjecisee
747 2461 828 2525 puella
838 2472 874 2510 est
886 2461 998 2509 abducta.
1031 2459 1106 2510 Dicte
1115 2458 1235 2526 postesse-

198 2535 341 2584 credendum
360 2544 404 2591 est,
419 2535 464 2583 hoc
474 2551 530 2583 vcro
540 2536 638 2583 uerbum
656 2551 696 2584 cu·
746 2536 843 2591 riuthio,
853 2535 916 2598 quod
928 2533 1037 2582 Corinthi
1047 2532 1173 2583 habitaret.

199 2619 282 2658 mmet
293 2609 442 2674 diligentiam
453 2617 528 2657 notat,
561 2608 651 2656 Burrus.

230 2684 360 2746 bonerum]
378 2684 519 2732 Recreanda
530 2691 554 2731 et
561 2684 697 2732 reficienda.

198 2757 335 2808 Cromnos.
370 2759 399 2805 In
416 2774 463 2806 uno
478 2757 573 2811 lllorcti,
584 2762 697 2807 rumorido.

197 2830 251 2879 ride
263 2832 293 2880 ad
304 2832 380 2896 Epist.
391 2831 425 2880 iv.
437 2833 477 2880 90.
512 2831 621 2880 lavando
633 2832 695 2897 Gry·

198 2905 246 2968 phii
257 2907 331 2955 editio
341 2906 434 2955 vitiose.

230 2982 254 3029 4.
272 2981 404 3045 Qualesere
414 2983 474 3029 silve
486 2982 561 3029 lumen
573 2983 652 3029 holere
662 2998 695 3029 eo·

197 3055 252 3102 lent.
287 3055 373 3109 Qualia
384 3055 693 3119 nsbirrrerrt‚jirgieutr,cre·

781 2611 862 2656 Amata
886 2607 962 2671 cirin]
990 2607 1021 2655 In
1039 2608 1143 2673 quodum
1162 2607 1234 2657 cudite

747 2681 855 2746 legimus,
879 2682 936 2730 Lo'is
958 2692 1036 2729 emota
1054 2685 1140 2744 proce.
1175 2682 1236 2731 Utre-

747 2772 793 2820 quc
815 2757 885 2805 lectio
904 2757 1025 2822 probetur.
1052 2757 1167 2806 Menrrs.
1202 2754 1233 2803 11·

746 2833 778 2877 rie
792 2839 829 2879 est
843 2828 868 2878 in
883 2829 1009 2878 veteribusn
1027 2828 1165 2879 Croesum.
1193 2828 1235 2878 Re·

746 2921 807 2969 pone
818 2909 873 2954 uiris
884 2921 913 2953 ex
926 2905 971 2953 fide
980 2904 1124 2971 optimorum
1131 2905 1235 2955 eudhuu·

747 2979 815 3028 Proci
822 2980 884 3029 enim
895 2978 1025 3028 secuudum
1033 2976 1139 3036 Festum,
1151 2981 1189 3044 qu·
1195 2994 1235 3042 per·

745 3065 801 3102 eunt
821 3057 920 3117 utiquam
941 3056 967 3101 iu
985 3056 1165 3103 matrimonium.
1190 3053 1235 3101 him

194 3132 300 3189 putcolo,
315 3130 407 3178 Phulro:
424 3131 472 3176 Aut
483 3131 522 3176 ubi
532 3132 647 3186 norubir't,
655 3148 696 3178 nec

197 3210 272 3249 tamen
290 3213 340 3250 orto
357 3203 427 3264 dien]
447 3202 506 3250 Haec
525 3211 569 3257 est,
582 3219 654 3267 quam
670 3203 696 3251 in

198 3277 208 3318 1
210 3274 285 3322 lvidie
296 3292 346 3323 esse
358 3276 392 3323 ait
403 3275 588 3332 Quinctilianus,
596 3279 696 3325 lascivia,

196 3349 258 3396 Satis
279 3357 329 3396 erat
349 3349 435 3404 dicere,
459 3349 544 3401 Qrmlta
570 3352 695 3407 sublucent,

197 3424 243 3471 &e
261 3422 299 3470 vel
311 3437 383 3469 unum
392 3440 421 3471 ex
433 3422 462 3470 iis
472 3422 586 3487 exemplis
599 3440 694 3487 ponere.

196 3499 269 3546 Cror.

232 3575 271 3621 10.
289 3569 417 3632 Diuidam]
432 3570 461 3617 Id
473 3578 509 3617 est
518 3585 607 3633 sparsa,
615 3587 661 3619 non
671 3571 696 3621 in

197 3649 284 3698 nodum
295 3645 405 3700 collecta,
416 3644 457 3691 sed
474 3644 499 3691 in
515 3653 640 3707 utrumque
651 3645 695 3695 hu-

195 3739 286 3772 memm
297 3720 394 3785 rejecta.
413 3718 506 3767 videtur
518 3716 623 3765 imitatus
634 3719 694 3767 Nos·

195 3807 231 3849 ter
240 3796 393 3862 Apollonium
405 3792 486 3841 Rhod.
497 3792 539 3840 lib.
549 3790 585 3838 iii.
597 3792 636 3839 45.

230 3873 339 3923 Λειικοῖσι
359 3867 379 3917 ὅ
398 3867 506 3933 ἑκάτερθε
526 3865 604 3929 κόμας
625 3867 694 3916 ἐπιει-

259 3942 415 4012 μένηῶμοις.

195 4019 307 4067 Francius
314 4027 437 4066 notuvemt
443 4018 467 4065 in
475 4014 590 4080 margine,
599 4014 694 4078 diffuso.

194 4092 236 4140 sed
254 4093 298 4141 hoc
317 4091 392 4156 magis
408 4103 488 4158 aptum
504 4089 695 4140 vaticinantibus.

196 4164 285 4215 trouu.

747 3128 878 3193 Ponelopes
893 3130 970 3190 proci:
997 3127 1133 3192 dequibus
1152 3126 1236 3178 munde

746 3202 837 3250 dictum
858 3203 888 3251 ad
906 3201 1035 3250 secuudum
1055 3202 1138 3251 Sebini
1154 3202 1236 3269 Episto-

747 3278 802 3325 lum.
820 3291 936 3340 nusquam
947 3292 1068 3338 procorum
1085 3275 1174 3325 mentio
1183 3272 1237 3341 apud

747 3351 843 3398 Latinos
858 3349 982 3413 scriptores
993 3349 1104 3406 occurrit,
1114 3351 1203 3415 quoties
1211 3348 1237 3396 de

746 3423 908 3472 meretricibus
928 3423 1014 3486 egitur,
1031 3427 1135 3472 turonem
1152 3422 1237 3490 puniu-

747 3497 833 3545 Noster
842 3504 867 3544 et
880 3497 906 3544 iu
919 3496 978 3544 Arte
988 3496 1114 3546 Amatoris
1127 3500 1191 3559 proci
1202 3510 1237 3545 ru·

745 3569 831 3617 cabulo
842 3568 912 3616 anxie
923 3568 1045 3618 abstinuit.
1077 3571 1169 3620 Heres.

781 3645 819 3690 13.
838 3643 885 3689 Nec
896 3643 994 3690 multum
1004 3660 1060 3691 rum
1069 3645 1181 3709 nocem]
1192 3642 1237 3692 litt

746 3728 789 3773 cst,
798 3717 878 3764 tunica
887 3732 940 3764 rara
950 3716 1064 3781 tenuique
1076 3718 1116 3767 filo
1125 3735 1154 3768 ex
1163 3717 1237 3767 Corin·

745 3808 782 3839 nn
793 3791 856 3839 omni
866 3806 961 3855 corpore
978 3806 1024 3839 uon
1041 3792 1144 3841 multum
1157 3790 1237 3842 subdu·

745 3867 815 3914 cebet
832 3865 906 3914 oculis
927 3865 996 3913 meis,
1013 3865 1177 3916 tenuissimam
1193 3862 1238 3914 vult

745 3940 816 3988 luisse
827 3948 925 3993 vestem,
942 3939 1050 3987 tunicum
1066 3938 1238 4004 bombycinum

745 4029 830 4078 nempe
849 4013 923 4061 Coum
944 4021 985 4060 eut
1004 4012 1120 4063 Sericum
1138 4022 1165 4061 ut
1180 4008 1238 4078 epuli

745 4089 827 4137 llorat.
852 4088 902 4135 (bis
911 4089 953 4134 tihi
960 4104 1019 4149 pene
1027 4091 1105 4137 uirlere
1114 4098 1156 4147 eet,
1165 4098 1192 4137 ut
1198 4102 1237 4135 ee·

744 4165 804 4211 dum.
837 4162 926 4210 Herus.
