2896 4980
501 415 759 481 HEROIDES.
782 414 853 480 ΕΡ.
876 415 939 481 VI.
1196 420 1243 486 ω’

199 591 325 666 Tertia
342 591 475 666 messis
493 598 593 664 erat:
622 613 709 662 cum
726 599 780 676 tu,
800 589 889 664 dare
905 591 989 664 vela
1004 601 1170 679 coactus,

250 708 418 806 implesti
435 706 597 781 lacrimis
614 706 705 779 talia
719 706 834 780 verba
850 706 946 779 tuis:
1007 707 1010 712 ’

199 825 416 910 Abstrahor,
429 821 661 921 Hypsipyle:
681 821 749 895 sed
767 821 876 916 (dent
891 822 1004 895 modo
1020 821 1098 897 fata
1113 846 1238 898 recur-

248 939 315 1012 Vir
331 951 418 1012 tuos
436 939 522 1012 hinc
541 938 652 1010 abeo:
681 937 736 1010 vir
753 937 820 1010 tibi
839 961 987 1036 semper
1004 961 1080 1012 ero.
1139 941 1238 1037 [sus)

200 1053 309 1138 Quod
328 1066 453 1128 tamen
471 1078 492 1126 e
511 1053 617 1125 nobis
635 1052 787 1148 gravida
803 1053 945 1125 celatur
962 1053 1001 1125 in
1017 1053 1112 1141 alvo,
1135 1081 1137 1085 ⁴
1188 1060 1233 1130 61

248 1170 374 1258 Vivat;
403 1179 442 1242 et
459 1168 628 1265 ejusdem
647 1167 762 1240 simus
780 1178 937 1265 uterque
954 1192 1102 1268 parens.

199 1285 413 1361 Hactenus:
443 1294 492 1369 et,
511 1282 672 1356 lacrimis
694 1282 732 1353 in
749 1281 843 1355 salsa
859 1283 1061 1358 fluentibus
1079 1309 1154 1370 ora,

249 1402 387 1474 Cetera
404 1410 441 1473 te
459 1399 609 1473 memini
627 1423 701 1471 non
718 1400 885 1498 potuisse
902 1400 1018 1498 loqui.

201 1518 364 1591 Ultimus
382 1542 403 1591 e
421 1518 530 1591 sociis
549 1539 693 1589 sacram
712 1516 931 1590 conscendis
951 1517 988 1588 in
1007 1516 1120 1614 Argo.
1186 1524 1235 1593 65

249 1633 319 1706 llla
335 1633 453 1706 volat:
478 1633 613 1707 'ventus
631 1653 794 1705 concava
810 1632 892 1705 vela
908 1642 1023 1707 tenet.

198 1874 310 1939 adjuvant
328 1890 422 1939 quoque
439 1875 481 1924 illa
501 1874 592 1924 Valerii
612 1874 692 1924 Flacci
742 1890 803 1924 vers.
823 1877 864 1924 61.
882 1876 913 1926 de
930 1877 1061 1926 utromodo
1078 1869 1102 1926 iri
1119 1878 1236 1927 uterola·

196 1948 238 1995 lib.
248 1947 273 1995 ii.
284 1949 340 1996 370.
741 1950 927 2016 tenteloquitur.
960 1951 1049 2000 Bous.

233 2020 293 2069 Urbe
308 2023 384 2070 sedem
401 2023 446 2070 luti
464 2021 559 2086 lilinum,
577 2023 692 2084 viduisque
773 2024 814 2071 60.
831 2023 1174 2090 1ῑντιιιιε.]ΑροΙ1οιιίιιεΙὶ1>.1.
1184 2039 1233 2072 ver.

263 2104 367 2143 vacantes
741 2097 799 2147 892.
810 2106 836 2146 et
848 2114 915 2164 seqq.
925 2098 992 2164 fingit
1001 2099 1113 2148 Juonem
1127 2114 1173 2148 non
1183 2115 1236 2164 pro·

232 2167 356 2232 Indulgent
366 2171 479 2217 tlrslamis.
741 2171 831 2221 misisse
848 2172 957 2230 reditum,
975 2189 1052 2238 neque
1073 2189 1128 2237 ergo
1146 2189 1236 2222 connu-

197 2240 243 2289 Sed
254 2240 311 2305 quia
320 2258 361 2306 per
371 2242 458 2306 gradus
467 2240 616 2291 amorrenire
624 2240 691 2298 solet,
740 2245 821 2307 bium;
837 2249 878 2296 sed
895 2247 990 2313 petiisse
1005 2257 1031 2297 ut
1044 2264 1143 2314 puerum
1154 2257 1235 2297 natum

197 2326 222 2364 et
232 2327 341 2380 aspectus
351 2315 463 2381 precedit
473 2316 608 2381 hospitium,
616 2325 641 2364 et
650 2331 691 2382 pe-
740 2320 785 2369 sibi
802 2321 827 2370 irr
843 2320 989 2371 Thessaliam
1008 2320 1120 2370 mitteret.
1153 2320 1237 2370 Minus

198 2389 259 2436 nitus
276 2388 354 2436 animo
369 2399 488 2455 receptum
505 2405 616 2445 amorem,
632 2389 691 2437 nihil
740 2393 935 2444 cenematorie.
969 2397 1058 2444 Banu.

197 2473 278 2522 muto3
296 2463 397 2512 maxime
408 2465 438 2512 ob
449 2464 491 2513 illa
501 2480 595 2529 quoque
612 2464 692 2512 Nostri
772 2470 814 2517 6³.
850 2470 1012 2533 cadentibus]
1052 2467 1238 2532 Gottorpbianus

196 2537 239 2587 inl.
252 2538 294 2587 xii.
306 2539 351 2604 Ep.
363 2540 388 2589 9,
733 2543 870 2610 fluentibus.
891 2544 955 2609 quod
964 2541 1236 2607 minimesperuendnrn‚

231 2612 279 2659 Cur
288 2630 393 2675 ommam
402 2613 479 2661 Colchi
488 2613 622 2678 Magnetida
632 2615 691 2660 oidi-
740 2633 794 2665 cum
813 2619 925 2684 majorem
946 2617 991 2665 hoc
1011 2617 1063 2665 loco
1082 2614 1130 2662 vim
1149 2614 1237 2664 habere

260 2703 309 2734 mus
319 2688 390 2752 Argo.
741 2691 798 2739 mihi
808 2692 929 2751 sideman
946 2691 1014 2756 quasi
1029 2699 1112 2755 sponte
1128 2696 1153 2738 ct
1165 2690 1235 2738 uber·

198 2761 228 2808 Et
240 2760 298 2808 ibid.
309 2763 351 2809 31.
741 2763 783 2812 tim
792 2765 948 2830 provenerint,
958 2781 1001 2814 nec
1015 2771 1102 2812 coacta
1112 2771 1153 2811 ant
1163 2761 1236 2811 simu·

231 2835 296 2884 Tunc
306 2853 345 2901 ego
356 2845 377 2883 ts
387 2837 443 2891 vidi,
453 2839 629 2898 tuaccoeplscire
636 2839 691 2899 quid
740 2836 794 2886 lata
805 2839 860 2886 visae
869 2837 916 2886 sint
927 2836 1065 2904 Hypsipylae
1075 2855 1082 2897 ;
1099 2845 1122 2885 et
1136 2852 1189 2901 quae
1200 2835 1236 2885 ita
1290 2893 1293 2897 .

263 2927 324 2958 esset.
741 2911 832 2960 lucilius
847 2928 890 2977 per
902 2911 956 2960 illas
971 2912 1071 2976 decepta
1083 2910 1161 2959 fuerit.
1179 2908 1235 2958 binc

197 2981 309 3030 Francius
329 2981 440 3037 malebat,
461 2983 498 3029 lic
524 2999 563 3045 ego
586 2991 607 3028 ts
633 2983 689 3028 et'di.
733 2986 835 3048 flumina
852 2985 1000 3034 lacrimarum
1015 2992 1039 3033 et
1055 2986 1134 3032 imbres
1149 2984 1236 3048 passim

197 3056 286 3103 Boou.
614 3085 617 3091 ·
739 3069 872 3107 occurrunt.
885 3059 915 3107 de
925 3059 1048 3106 verborum
1058 3056 1142 3105 horum
1151 3058 1234 3105 conlu-

229 3131 270 3179 56.
290 3120 463 3191 aequaeua]
483 3131 589 3186 Quatuor
599 3136 690 3177 tantum
740 3133 803 3181 sione
813 3132 861 3181 vid.
874 3133 903 3181 ad
914 3131 1036 3180 iiidmor.
1045 3131 1073 3179 ii.
1085 3132 1124 3178 14.
1142 3130 1232 3178 Euan.

197 3201 689 3251 mensesbuicmortetribuitVsler.Flacc.
772 3208 813 3256 65.
844 3206 967 3269 Ultimus]
994 3204 1070 3271 Atqui
1096 3201 1236 3270 Apollonius

196 3277 239 3325 lib.
251 3278 277 3325 ii.
290 3278 347 3326 ³67.
363 3277 438 3325 multo
448 3276 578 3340 elegantius
589 3285 613 3325 et
624 3293 690 3325 vero-
739 3280 782 3328 lib.
794 3281 810 3328 i.
823 3295 883 3327 vers.
895 3280 951 3327 910.
968 3278 1069 3345 primum
1082 3293 1166 3327 navem
1177 3292 1234 3326 con-

196 3351 302 3401 similius.
324 3351 429 3399 Fortasse
437 3348 527 3398 Nasoni
534 3349 624 3413 longius
632 3360 690 3399 tem·
738 3353 856 3402 scendisse
867 3353 939 3402 canit.
951 3352 989 3402 cui
998 3351 1101 3400 conciuit
1112 3348 1201 3399 Statius
1211 3367 1235 3399 v.

105 3422 110 3433 ’
197 3442 241 3490 pus
258 3425 356 3491 placuit,
368 3423 424 3489 quia
442 3424 501 3472 duos
521 3441 550 3472 ex
566 3425 610 3473 hoc
627 3425 689 3474 coitu
738 3427 814 3475 Tbeb.
827 3428 882 3475 480.

197 3499 256 3549 lilios
266 3508 332 3547 natos
342 3497 439 3554 sciebat,
452 3497 586 3546 Euneumet
596 3499 690 3560 Deiphi-
773 3501 892 3564 Primoque
894 3499 958 3564 ferit
967 3503 1015 3549 dus
1024 3500 1114 3547 verbm
1119 3507 1224 3562 posnam

197 3575 254 3621 lum.
277 3572 368 3638 llygiu.
390 3573 449 3620 Feb.
472 3590 512 3620 xv.
533 3582 558 3620 et
583 3572 689 3621 cclxxiii.
739 3575 785 3624 Sed
798 3575 834 3623 illi
843 3574 919 3639 magis
928 3573 1023 3622 solliciti
1035 3572 1144 3621 ridentur
1155 3570 1235 3627 luisse,

199 3648 300 3696 Firmato
315 3656 339 3696 et
358 3647 462 3695 Euneum
479 3656 548 3695 vocat
562 3648 642 3696 Lutat.
659 3647 688 3694 ad
739 3657 766 3697 ut
775 3649 863 3698 bonum
878 3646 945 3695 nobis
960 3645 1045 3695 ducem
1056 3646 1153 3699 lasona,
1163 3658 1236 3708 quam

196 3724 256 3771 Stat.
269 3723 301 3771 vi.
311 3722 388 3771 Theb.
400 3722 457 3769 340.
483 3721 524 3770 sed
535 3721 640 3785 geminos
649 3737 690 3787 pe-
739 3721 835 3770 doctum
862 3718 989 3769 amatorem
1015 3716 1163 3767 exhiberent.
1203 3715 1237 3762 At

196 3796 265 3860 perit.
282 3798 343 3845 Stat.
360 3813 385 3844 v.
402 3797 479 3845 Theb.
497 3797 553 3845 464.
565 3805 589 3844 et
605 3796 692 3844 Noster
740 3796 842 3845 Ovidius
852 3795 930 3859 aptius
945 3792 1020 3856 tingit,
1031 3800 1056 3840 et
1065 3790 1178 3838 decorum
1187 3802 1236 3834 ma·

131 3925 136 3932 ,
197 3869 246 3933 ipse
268 3887 320 3918 mox
342 3872 397 3918 lul.
415 3871 446 3919 ad
468 3887 526 3936 qnos
545 3868 691 3934 generandos
740 3861 1237 3934 gislraudillypsipylieabJasonesactae,

197 3942 292 3991 biennio
306 3960 354 3992 non
365 3954 415 3992 erat
427 3960 494 4009 opus.
510 3955 574 3993 recte
585 3959 639 3991 vero
649 3943 690 3991 ad·
740 3959 794 3992 eum
805 3950 913 3991 coactum
924 3941 954 3988 ab
965 3938 1068 3987 Hercule
1079 3944 1104 3984 et
1111 3933 1170 3989 aliis,
1180 3932 1237 3981 ulti·

197 4016 243 4064 huc‘
255 4016 352 4080 gravida
362 4016 392 4065 de
400 4018 468 4066 unico
479 4018 538 4067 loetu
549 4017 691 4065 mentionem
740 4032 805 4065 mum
824 4013 919 4064 tandem
938 4012 962 4060 in
977 4025 1060 4058 navem
1078 4006 1235 4070 compulsum.

198 4083 254 4137 tacit
264 4090 327 4155 apud
335 4090 417 4138 Valer.
426 4091 492 4139 Flac.
504 4091 530 4139 ii.
542 4093 599 4140 425.
609 4107 638 4139 ex
649 4107 691 4140 na·
742 4088 858 4143 Valerius,
868 4084 924 4133 licet
935 4099 981 4131 non
989 4079 1104 4145 expressis
1113 4077 1190 4158 verbis
1200 4077 1237 4126 di·

198 4162 268 4210 turali
279 4171 304 4210 et
314 4171 425 4212 consueto
440 4178 504 4212 more
516 4173 597 4228 partus
609 4179 692 4212 nume·
741 4170 781 4211 eat
800 4161 912 4210 iasonem
931 4155 1038 4203 ultimum
1065 4151 1237 4208 cooseendrsse,

198 4250 248 4283 rum
269 4235 404 4301 conjiciens·
431 4245 458 4286 ut
478 4244 503 4285 et
523 4237 617 4294 Noster,
638 4252 692 4285 mox
743 4231 836 4282 besioee
847 4239 988 4279 tamensim
998 4223 1096 4276 mese
1104 4233 1128 4273 et
1138 4223 1237 4274 Polluce

805 4312 848 4361 Fa

358 4573 362 4586 Ι

87 4582 256 4679 ss..
