2896 4980
200 329 266 396 ⁴28
494 333 532 396 Ρ.
556 330 718 400 OVIDII
743 322 955 398 anottts

201 502 316 591 Tene,
336 529 442 580 sacer
459 504 588 591 Vates,
607 506 767 578 flammoe
784 528 942 617 rapuere
956 507 1124 602 rogales;

253 617 475 694 Pectoribus
494 622 598 720 pasci
617 645 687 696 nec
705 622 863 696 timuere
881 622 983 695 tuis?

200 733 326 808 Aurea
342 747 554 809 sanctorum
572 737 783 835 potuissent
799 737 942 835 templa
960 736 1127 810 Deorum

253 849 384 937 Urere,
405 877 490 950 quae
507 863 653 925 tantum
672 853 881 927 sustinuere
900 852 1016 927 nefas.

200 962 346 1040 Avertit
361 969 498 1054 vultus,
520 968 653 1066 Erycis
667 992 751 1066 quae
770 970 940 1067 possidet
957 993 1075 1042 arces.
1195 972 1243 1041 45

252 1081 350 1155 Sunt
368 1107 532 1181 quoque,
552 1085 617 1181 qui
634 1084 806 1157 lacrimas
824 1084 1054 1157 continuisse
1071 1094 1224 1179 negent.

202 1197 280 1272 Sed
297 1209 423 1273 tamen
441 1201 512 1273 hoc
531 1201 676 1286 melius
696 1225 810 1297 quam
829 1200 859 1272 si
879 1198 1056 1273 Phaeacia
1071 1199 1183 1272 tellus

251 1311 426 1409 Ignotum
444 1316 506 1387 vili
525 1315 783 1413 supposuisset
800 1315 925 1387 humo.

201 1426 300 1502 Hinc
318 1441 419 1505 certe
437 1432 607 1505 madidos
625 1431 801 1528 fugientis
820 1431 957 1528 pressit
974 1430 1114 1503 ocellos

252 1543 392 1636 Mater3
422 1559 461 1621 et
474 1548 512 1621 in
530 1548 673 1622 cineres
691 1548 823 1621 ultima
838 1547 937 1620 dona
954 1545 1056 1618 tulit:
1195 1546 1243 1615 50

201 1659 300 1734 Hinc
319 1687 422 1736 soror
437 1663 476 1736 in
493 1675 637 1761 partem
652 1663 788 1736 miseri
804 1686 891 1735 cum
909 1672 1028 1733 matre
1044 1658 1184 1733 doloris

248 1775 374 1864 Venit,
393 1779 581 1853 inornatas
598 1778 777 1852 dilaniata
793 1800 933 1850 comas.

200 1889 375 1988 Cumque
393 1893 467 1966 tuis
484 1917 553 1966 sua
564 1897 772 1991 junxerunt
790 1891 1041 1986 Nemesisque
1066 1889 1244 1986 priorque

250 2005 409 2081 Oscula:
438 2032 507 2081 nec
526 2011 626 2082 solos
643 2010 845 2083 destituere
863 2031 985 2103 rogos

201 2120 312 2195 Delia
327 2123 539 2211 discedens,
560 2125 735 2212 Felicius,
755 2125 889 2222 inquit,
908 2133 1032 2196 amata
1193 2123 1241 2192 55
1279 2183 1281 2192 ,

252 2236 345 2310 Sum
361 2238 448 2312 tibi:
476 2240 615 2325 vixisti,
634 2241 724 2313 dum
742 2251 829 2313 tuus
847 2238 943 2335 ignis
961 2260 1075 2310 eram.

201 2350 274 2425 Cui
293 2352 480 2440 Nemesis,
493 2353 592 2438 Quid
608 2355 684 2428 ais?
702 2356 771 2428 tibi
782 2356 856 2428 sint
865 2377 951 2426 mea
960 2352 1098 2425 damna
1106 2349 1240 2435 dolori,

248 2466 315 2542 Me
332 2470 452 2543 tenuit
469 2470 630 2544 moriens
648 2471 846 2545 deficiente
864 2492 989 2542 manu.

230 2717 270 2764 45.
281 2718 371 2766 Amor
383 2719 480 2782 vultis]
501 2719 694 2785 Superstitionem
744 2729 901 2782 cratonisque
911 2716 1034 2765 introcunt
1040 2712 1242 2775 Nesosisjsmm

198 2788 264 2837 illam
282 2807 328 2839 non
345 2792 485 2858 respiciendi
503 2794 534 2841 ad
548 2794 694 2845 sucraiune·
742 2794 942 2857 priorqueowulo.
975 2791 1065 2838 Bona.

196 2862 250 2912 bris
257 2865 351 2930 egregie
361 2866 464 2915 illustrat
474 2869 539 2917 Dan.
546 2868 695 2918 Heinsiusad
776 2869 817 2917 ⁵7.
837 2867 887 2914 Tibi
904 2874 958 2913 snut
977 2862 1046 2924 κιαι]
1074 2859 1127 2908 Siut
1146 2859 1243 2909 Mureti.

154 2954 157 2959 ·
199 2937 285 2986 sitiit.
299 2941 354 2988 luo.
745 2942 877 2989 Hsrssrus.
896 2940 947 3002 Ego
957 2938 982 2986 iu
993 2934 1241 2999 vulgatuvineusum

231 3012 272 3060 47.
285 3014 360 3068 Quom
372 3019 392 3063 si
404 3016 508 3064 Phausia
525 3016 613 3079 tellus]
637 3017 694 3065 Cor·
744 3014 822 3071 video,
834 3014 935 3078 ideoque
946 3011 1008 3059 melo
1016 3024 1071 3058 curu
1080 3007 1150 3057 lunii
1160 3017 1186 3057 et
1194 3009 1241 3057 1²·-

198 3100 254 3149 cyre
264 3085 350 3145 insula,
364 3103 379 3137 s
395 3088 536 3137 Phaeacibus
552 3089 645 3154 populis
660 3090 695 3138 sic
743 3087 818 3136 latino
827 3087 907 3136 tertio:

197 3158 271 3215 dicta,
282 3176 329 3223 quo
339 3162 469 3209 Messalam
484 3162 593 3211 Tibullus
608 3178 694 3227 sequu-
778 3162 824 3209 Cui
836 3162 943 3215 ll'aemesls,
954 3161 1008 3223 quid
1018 3159 1070 3206 sis?
1087 3158 1129 3205 tibi
1139 3159 1242 3206 unm

199 3238 237 3278 tus
254 3233 342 3292 luerat;
365 3234 446 3299 ibique
466 3238 547 3284 morbo
567 3245 695 3301 correptus,
809 3239 893 3284 damna
903 3237 984 3282 dolori.

198 3303 335 3353 redeuutem
357 3308 458 3356 Romam
478 3318 602 3374 patronum
621 3327 694 3375 quum
746 3310 779 3358 Ut
789 3310 820 3357 sit
828 3310 902 3358 oratio
911 3305 1071 3356 vehementior
1079 3313 1106 3353 et
1114 3304 1241 3369 objurgan-

199 3392 246 3427 non
256 3388 335 3441 posset
344 3381 459 3439 comitari,
470 3383 578 3447 Elegism
593 3384 623 3432 ad
640 3400 694 3432 eum
744 3383 782 3431 tis.
794 3383 851 3447 quid
862 3398 900 3430 me
911 3380 983 3429 Delis
995 3376 1073 3441 tangis
1089 3384 1115 3425 et
1131 3376 1243 3441 perstrin-

198 3451 291 3516 scripsit
300 3454 471 3513 suavissimam,
484 3473 537 3521 quae
554 3458 624 3506 tertia
640 3457 694 3505 libri
744 3457 788 3520 gis,
803 3454 871 3521 quasi
888 3470 935 3502 non
951 3453 1034 3501 luisset
1051 3449 1109 3498 felix
1128 3449 1187 3498 dum
1205 3464 1243 3498 me

197 3524 276 3590 primi.
309 3525 400 3576 Arsin.
744 3538 843 3585 amaret,
857 3537 881 3576 te
898 3525 1044 3593 postumius.
1061 3522 1110 3571 imo
1127 3532 1156 3571 ut
1171 3523 1243 3571 missi

208 3601 272 3648 ·5³.
291 3600 390 3665 Cumque
406 3603 476 3666 tuis]
505 3603 597 3650 Murius
614 3604 693 3652 subin·
744 3599 1079 3656 meisdamnisdolens,sciu⁸
1089 3599 1159 3647 illum
1176 3598 1244 3647 aliter

199 3673 273 3738 telligi
288 3677 369 3724 osculis
379 3676 439 3725 vult.
457 3676 498 3724 sed
515 3676 627 3725 Barthius
644 3693 694 3726 rec·
743 3677 858 3726 sensisse:
876 3691 930 3723 nsm
948 3673 1049 3721 moriens
1066 3671 1145 3720 tenuit
1164 3671 1242 3721 adbuc

197 3749 245 3797 tius
254 3750 360 3814 cognatis
377 3761 400 3800 et
417 3749 518 3814 agnatis,
528 3766 558 3797 ne
574 3750 695 3798 Tibullum
744 3766 781 3798 me
792 3767 864 3799 manu
874 3748 1006 3804 deficiente,
1024 3745 1088 3809 quod
1104 3745 1149 3794 tibi
1166 3746 1244 3806 dolen

196 3821 269 3870 etiam
279 3824 424 3872 osculantem
434 3833 487 3888 post
501 3832 597 3872 mortem
615 3822 695 3872 sociat.
744 3834 768 3872 ct
785 3825 843 3872 licet
857 3823 914 3871 milri
932 3837 993 3869 mors
1008 3821 1053 3868 illu
1062 3820 1243 3871 damnosissima

197 3897 274 3945 Cicer.
285 3897 317 3944 iv.
329 3898 359 3945 ad
371 3899 438 3947 Fam.
450 3899 473 3944 7.
507 3899 525 3944 Λ
541 3900 587 3944 tm's
602 3899 695 3960 reliquis
744 3898 893 3956 exstititcrit3
910 3895 1192 3959 nonesttamanuodtu
1202 3913 1241 3946 ex·

199 3988 243 4018 uon
253 3973 393 4030 adhibemur,
404 3981 429 4021 et
439 3973 525 4020 Noster
539 3972 614 4037 Epist.
625 3972 642 4020 i.
654 3973 693 4020 41.
744 3972 826 4030 suites,
837 3980 941 4037 etputcs
953 3968 1020 4017 illum
1037 3976 1060 4016 te
1077 3967 1136 4016 mihi
1153 3980 1240 4034 praetu-

200 4045 302 4093 ll'iminm
314 4049 380 4095 oblite
391 4058 489 4095 tuorum.
498 4044 531 4094 ita
538 4045 633 4111 passim,
643 4048 693 4101 mei,
743 4045 807 4101 lisse,
818 4054 860 4093 sut
868 4060 905 4093 me
915 4058 960 4091 non
970 4056 1062 4090 emme
1070 4040 1102 4090 ud
1110 4051 1243 4093 exuturum

198 4128 295 4185 turturi,
312 4125 432 4175 dicuutur.
450 4121 491 4172 sed
509 4122 532 4170 in
549 4120 694 4173 Scriver'muo
745 4121 798 4170 vitre
809 4117 917 4167 halitum.
945 4117 1035 4164 Brun.
