2896 4980
204 320 269 387 38⁰
501 320 539 384 Ρ.
564 318 725 385 ovlnll
750 318 962 387 NASONIS

205 493 342 591 Turpe,
362 516 446 566 reos
463 496 565 566 emta
585 494 741 566 miseros
758 493 959 568 defendere
977 494 1125 591 lingua:

253 608 363 692 Quod
381 608 493 681 saciat
510 632 678 704 magnas,
696 618 818 706 turpe,
837 610 999 683 tribunal
1015 634 1118 708 opes.
1183 614 1222 681 40

203 724 341 822 Turpe,
360 725 431 797 tori
450 724 571 797 reditu
589 748 726 798 census
744 749 880 820 augere
899 736 1086 823 paternos

254 840 304 913 Et
321 840 455 914 faciem
469 841 573 913 lucro
591 841 829 938 prostituisse
847 866 965 914 suam.

205 961 336 1034 Gratia
353 984 420 1058 pro
438 961 550 1033 rebus
568 959 700 1032 merito
717 959 877 1032 debetur
894 958 1065 1031 inemtis:

253 1077 328 1149 Pro
346 1076 443 1148 male
461 1075 647 1147 conducto
665 1074 787 1170 gratia
803 1074 905 1146 nulla
921 1084 1015 1147 toro.

206 1192 345 1269 Omnia
361 1190 567 1264 conductor
586 1190 715 1262 solvit:
744 1189 918 1262 mercede
936 1189 1061 1261 soluta
1187 1190 1228 1258 ‹tt›

255 1308 341 1379 Non
360 1316 489 1378 manet
505 1305 626 1377 ollicio
643 1306 791 1378 debitor
807 1306 868 1377 ille
885 1314 964 1378 tuo.

204 1423 367 1507 Parcite,
386 1420 569 1506 formosae,
590 1421 751 1518 pretium
765 1445 832 1519 pro
851 1432 962 1494 nocte
980 1420 1131 1519 pacisci.

254 1539 340 1611 Non
357 1538 473 1611 habet
489 1547 644 1610 eventus
663 1538 814 1610 sordida
831 1536 956 1635 praeda
975 1538 1105 1610 bonos.

204 1654 291 1728 Nun
305 1654 375 1726 suit
392 1653 556 1725 armillas
574 1653 666 1725 tanti
686 1653 876 1749 pepigisse
896 1652 1068 1737 Sabinae,

255 1769 308 1841 Ut
326 1778 537 1865 premerent
555 1792 669 1841 sacrae
687 1769 840 1865 virginis
858 1792 962 1841 arma
978 1778 1104 1866 ceput.
1189 1768 1230 1837 50

204 1882 236 1955 E
255 1884 392 1979 quibus
410 1884 565 1977 exierat,
585 1884 733 1979 trajecit
748 1886 892 1957 viscera
908 1882 1005 1957 ferro

254 1998 390 2071 Filius:
420 2008 459 2070 ct
476 2022 596 2095 poenae
615 2022 749 2072 caussa
766 2000 903 2072 monile
920 1998 1003 2071 fuit.

202 2113 239 2186 N
242 2137 285 2187 ec
303 2124 430 2186 tamen
449 2114 641 2209 indignum
659 2125 730 2199 est,
749 2113 771 2187 d
788 2116 903 2188 divite
920 2134 1075 2187 munera
1092 2110 1202 2209 posci.

252 2227 413 2301 Munera
430 2230 601 2326 poscenti
620 2230 721 2325 quod
739 2231 829 2303 dare
848 2229 979 2327 possit,
999 2228 1121 2301 babet.

202 2345 357 2443 Carpite
375 2345 423 2417 de
440 2344 561 2442 plenis
579 2346 787 2442 pendentes
804 2346 942 2418 vitibus
961 2367 1073 2417 uvas:
1189 2342 1230 2415 55

250 2460 425 2534 Praebeat
443 2460 588 2533 Alcinoi
610 2486 721 2558 poma
737 2463 923 2557 benignus
941 2483 1043 2556 ager.

200 2574 376 2648 Officium
394 2598 537 2674 pauper
554 2588 736 2663 numeret,
756 2577 1012 2672 studiumque,
1031 2573 1229 2671 fidemque:

250 2690 361 2774 Quod
379 2691 464 2787 quis
482 2691 609 2776 habet,
628 2693 789 2764 dominae
807 2691 975 2764 conferat
991 2712 1102 2765 omne
1119 2712 1207 2762 suae.

200 2804 271 2878 Est
288 2829 452 2902 quoque,
472 2807 699 2879 carminibus
718 2808 868 2879 meritas
882 2807 1074 2879 celebrare
1087 2804 1230 2903 puellas,

250 2922 329 2993 Dos
347 2944 451 3009 mea3
481 2945 595 3018 quarn
614 2923 724 3009 volui,
745 2933 835 2995 nota
850 2922 893 2995 fit
909 2934 990 2996 arte
1008 2922 1103 2994 med.
1191 2920 1232 2991 60

231 3110 271 3155 44.
289 3108 352 3155 Mate
372 3110 503 3172 corruitura]
522 3110 551 3157 Id
571 3120 616 3166 est,
634 3127 696 3168 care,
748 3110 797 3158 neri
808 3108 899 3166 datum,
910 3107 967 3172 quia
978 3124 1050 3157 avara
1060 3102 1233 3156 admodumllri·

199 3196 283 3243 magno
295 3180 377 3244 pretio.
396 3189 422 3228 ut
438 3182 534 3229 Terent.
553 3184 614 3231 Eun.
624 3184 658 3232 iv.
670 3186 695 3231 4.
746 3184 826 3249 pbyle,
838 3200 884 3247 quo
899 3182 943 3230 viri
953 3181 1027 3231 vitatu
1036 3182 1150 3239 vendidit.
1159 3180 1183 3231 ln
1192 3180 1234 3247 ej!

201 3254 262 3299 Male
271 3256 399 3301 curicitiute.
417 3255 486 3302 etita
501 3257 597 3320 passim,
609 3260 662 3306 berre
672 3267 697 3307 et
747 3257 873 3323 perniciem
886 3274 978 3305 versum
988 3266 1034 3305 est.

198 3327 256 3371 ritule
266 3340 353 3372 emere.
366 3326 414 3373 rid.
427 3328 444 3374 i.
457 3328 510 3374 An.
520 3328 577 3376 Am.
590 3332 646 3379 426.
779 3335 820 3380 55.
841 3330 989 3393 Pandantes]
999 3330 1116 3380 Juuianus
1125 3328 1231 3391 spicum

230 3398 271 3443 49.
298 3396 414 3460 n'onjlu
433 3402 560 3465 armillum]
589 3403 696 3468 Tarpcjae
748 3416 844 3461 tannen
861 3405 933 3462 male,
950 3421 1004 3470 quie
1015 3404 1096 3454 ocules
1112 3401 1234 3459 lerinum

198 3468 303 3517 Vestalis
313 3468 432 3517 historiam
448 3472 531 3534 tangit,
542 3490 595 3536 qua
608 3476 695 3523 Roma-
746 3478 835 3527 divitie
847 3480 977 3535 beatorum,
989 3494 1043 3542 que
1059 3476 1190 3541 conspicua
1202 3472 1233 3523 ln·

198 3558 252 3592 nam
270 3557 348 3589 arcem
365 3542 457 3590 Sabinis
474 3545 588 3607 prodidit:
607 3548 647 3610 qui
665 3550 695 3595 ob
746 3552 822 3600 vitant
854 3568 951 3617 rapaces
977 3552 1124 3601 meretricum
1153 3562 1234 3599 manu

196 3616 295 3665 Sabinas
316 3615 425 3664 mulieres
445 3629 530 3682 raptas,
548 3620 609 3668 duce
627 3622 695 3670 Tatio
746 3627 835 3673 Bunu.

196 3692 286 3741 bellurn
297 3690 411 3738 Romanis
420 3690 559 3739 intulerunt.
778 3701 819 3747 56,
839 3699 957 3764 Belligeni
967 3699 1046 3765 agen]
1060 3690 1232 3759 Fertilhetqd

228 3766 269 3813 61.
290 3764 421 3827 Equilum]
440 3765 521 3822 Nunc,
535 3773 562 3813 ut
577 3766 694 3823 ostendat,
745 3772 835 3821 tructus
861 3774 906 3821 lert
932 3772 1068 3821 uberrimos.
1105 3770 1232 3819 ciorum

196 3856 242 3888 non
252 3841 340 3888 bonum
354 3848 466 3887 eventum
482 3839 557 3887 sortiri
576 3840 694 3889 sordidam
747 3844 808 3893 Vide
820 3845 933 3894 lilerium.

195 3913 552 3978 prredamadducitexemplum
560 3913 693 3979 Eriphylae,
777 3919 890 3981 Ali-irrui]
917 3917 971 3965 ruit
984 3916 1100 3966 Alcinous
1115 3906 1232 3965 ltnffl

195 4004 247 4051 quaa
258 3987 396 4052 Amphiarai
415 3987 510 4052 auguris
525 3988 608 4051 Argivi
625 4004 692 4036 uxor.
744 3990 815 4045 tilius,
828 4008 867 4040 rer
882 3990 1166 4055 Plraeacurnjustiuinu.
1189 3984 1231 4037 lh

195 4061 276 4126 Inquit
287 4060 358 4125 igitur
370 4063 449 4112 Naso:
468 4061 559 4110 Monile
570 4061 630 4110 illud
641 4078 692 4110 mu·
744 4062 922 4128 diligentissime
933 4064 1013 4113 hortos
1022 4064 1124 4115 mictu.

1139 4572 1262 4672 nrm*
