2896 4980
195 327 261 393 2⁰4
490 323 530 389 P.
552 321 714 389 ovrulr
737 321 949 389 NASONIS

200 499 312 573 Mens
330 520 416 572 mea
430 496 632 584 convaluit,
650 496 851 596 subitoque
869 497 1028 573 audacia
1042 498 1167 573 venit:

251 614 334 688 Nec
352 614 457 687 timui
475 614 579 687 vultu
597 637 789 712 quamque
806 625 1050 690 notare‘meo.

143 828 146 833 ⁴
198 729 359 805 Vincere
376 740 482 804 erant
498 754 628 804 omnes
645 730 789 827 dignae:
813 734 1009 831 judexque
1027 732 1192 818 verebar,

249 847 286 922 N
289 872 338 921 on
355 872 485 922 omnes
503 870 675 920 caussam
693 848 841 921 vincere
859 873 970 946 posse
989 871 1109 922 suam.
1187 850 1229 920 76

201 965 278 1038 Sed
295 975 421 1038 tamen
440 987 488 1038 ex
506 963 578 1036 illis
592 965 672 1060 jam
690 974 779 1036 tunc
797 963 917 1060 magis
936 987 1011 1036 una
1027 963 1217 1062 placebat:

250 1079 359 1155 Hanc
377 1104 462 1154 esse
478 1090 521 1152 ut
537 1079 664 1167 scires,
684 1080 784 1155 unde
801 1091 970 1154 movetur
987 1104 1103 1154 amor.

199 1198 395 1295 Tantaque
412 1197 583 1271 vincendi
602 1221 692 1270 cura
709 1209 788 1286 est;
825 1197 1040 1294 ingentibus
1058 1197 1189 1272 ardent

247 1314 440 1388 Judicium
456 1312 564 1386 donis
582 1312 783 1387 sollicitare
800 1334 938 1386 meum.
1189 1314 1231 1385 80

200 1431 337 1528 Regna
352 1429 376 1502 J
379 1430 458 1503 ovis
476 1430 626 1527 conjux,
645 1428 819 1503 virtutem
837 1428 914 1502 filia
925 1431 1059 1527 jactat.

251 1548 340 1646 lpse
357 1558 491 1647 potens
508 1544 653 1631 dubito,
671 1543 777 1618 fortis
795 1569 855 1631 an,
875 1568 960 1619 esse
975 1545 1101 1618 velim.

201 1664 324 1737 Dulce
341 1662 470 1738 Venus
487 1663 580 1750 risit,
601 1661 684 1736 Nec
702 1671 752 1749 te,
773 1661 873 1749 Pari,
894 1664 1050 1735 inunera
1065 1668 1218 1758 tangant

251 1779 434 1877 Utraque,
454 1780 627 1878 suspensi
644 1780 756 1878 plena
772 1778 928 1864 timoris,
947 1777 1011 1852 ait.

202 1894 284 1969 Nos
302 1895 475 1969 dabimus
494 1895 596 1991 quod
615 1919 739 1969 ames:
768 1904 807 1967 et
823 1893 989 1993 pulchrae
1006 1892 1084 1967 filia
1102 1890 1210 1966 bedoe
1313 1956 1315 1961 ⁴

251 2010 329 2085 Ibit
345 2011 382 2083 in
400 2012 608 2109 amplexus,
627 2011 816 2110 pulchrior
833 2010 927 2108 ipsa,
947 2020 1045 2083 tuos.
1189 2009 1230 2083 86

198 2126 334 2201 Dixit:
363 2138 401 2200 et
418 2151 467 2201 ex
486 2152 595 2224 aequo
612 2128 721 2201 donis
738 2127 932 2223 formaque
949 2125 1121 2224 probata,

250 2241 441 2317 Victorem
458 2244 553 2317 coelo
571 2244 714 2319 rettulit
730 2245 794 2319 illa
811 2243 959 2342 pedem.

231 2453 273 2503 75.
284 2451 577 2516 Judaquamtarmc]
596 2451 659 2502 Vere
670 2461 695 2502 et
744 2447 1156 2501 enimtemfacileeliurmrieeet.
1187 2447 1234 2499 Ur·

198 2528 319 2594 eleganter
329 2525 455 2588 Heineiur;
470 2529 587 2591 querebar.
613 2527 695 2584 Quum
744 2541 846 2575 cunnus.

199 2603 271 2661 enim,
281 2602 333 2668 ipeo
339 2600 430 2667 jndice,
444 2604 533 2651 vinem
542 2610 608 2650 erum
622 2617 696 2650 omna
778 2600 820 2648 79.
837 2598 971 2665 lugentibus
981 2598 1064 2645 ardent
1073 2596 1235 2645 tuterunt·-

199 2678 282 2742 dr‘gm,
300 2675 371 2741 hujus
390 2673 518 2740 peragendi
538 2690 555 2724 a
569 2690 596 2724 se
610 2674 695 2740 judicii
712 2677 717 2685 '
744 2675 781 2721 ab
795 2672 939 2735 albairate]
958 2672 1061 2719 Ardent:
1076 2669 1123 2719 buc
1138 2676 1184 2727 eet,
1199 2682 1236 2720 re·

199 2749 357 2800 conditionem
369 2747 436 2797 Paris
445 2751 591 2812 querebatur.
625 2748 695 2799 Unde
744 2746 866 2797 bemcnter
880 2746 978 2812 cupiunt
994 2753 1019 2794 et
1033 2743 1141 2794 studeat.
1172 2744 1235 2794 &lli-

199 2822 264 2889 apud
274 2822 415 2879 Incianum,
426 2822 495 2871 Dinl.
505 2821 578 2871 citat:
596 2820 659 2872 δοκῶ
676 2821 696 2872 ὅ·
745 2825 824 2879 citare,
838 2821 863 2870 id
879 2830 915 2870 est
928 2820 1081 2879 labefactare,
1098 2826 1124 2869 et
1138 2832 1236 2869 corru-

199 2897 234 2947 ἄν
247 2914 288 2962 μοι
305 2898 386 2956 καλῶς
404 2895 510 2951 δικάσαι,
523 2894 615 2955 πάσαις
630 2894 695 2946 ἀπο·
744 2912 811 2963 pere.
844 2897 942 2945 Mica.

198 2969 257 3029 δοὺς
266 2972 295 3021 τὸ
305 2972 486 3036 μῆλον.-πῦς
498 2968 544 3020 οὖν
555 2971 584 3020 οὐ
594 2970 696 3035 χαλεπὴ
778 2972 820 3020 83.
839 2971 915 3019 Dulce
930 2967 1152 3033 Veuumut1Pm,
1162 2964 1236 3018 ned·

199 3045 249 3106 -ἥ
259 3045 344 3110 κρίσις.
745 3052 790 3093 ter.
804 3060 890 3093 nornen
908 3059 950 3109 pru
960 3041 1072 3091 adverbio
1087 3042 1200 3108 positum.
1212 3044 1239 3089 et

233 3119 275 3167 76.
294 3118 530 3167 Nuucmnercuuena
540 3119 697 3181 uiucerepm
746 3118 908 3184 apudVirgil.
933 3117 1072 3165 lado-tum
1081 3117 1160 3181 fucit.
1190 3114 1237 3165 Er·

199 3190 286 3253 culem]
303 3191 392 3239 Versus
402 3190 504 3251 otiosum
520 3207 575 3239 nam
585 3191 605 3240 si
616 3207 697 3242 ornnes
745 3209 850 3242 onnus.

200 3264 279 3328 dignu
293 3272 368 3320 erant,
378 3279 432 3327 qun
448 3265 578 3322 vincerent,
589 3281 631 3314 cur
646 3281 696 3315 me·
777 3269 819 3317 85.
846 3267 952 3315 Pulchre
965 3267 1024 3330 filia
1041 3264 1133 3329 Μὴ]
1146 3263 1188 3313 ·1d
1206 3268 1239 3313 α

200 3336 574 3400 tuebat,aliquuscausamsuarn
590 3338 696 3388 obtinere
746 3342 848 3399 Helena,
858 3339 924 3391 Jovis
934 3339 1112 3390 etchnfllia.
1144 3338 1237 3389 mour„

200 3426 248 3460 nou
259 3412 342 3474 posset
358 3410 500 3459 Mrcrnnus.
523 3411 650 3460 cavillatio
659 3421 696 3461 est
778 3417 818 3464 86.
830 3415 954 3463 Pulchrior
964 3414 1036 3477 ipre]
1049 3413 1117 3462 Male
1127 3410 1238 3477 Micyll!

200 3482 310 3548 Micylli:
331 3483 352 3532 ei
370 3483 434 3531 enim
454 3500 500 3532 non
518 3500 600 3533 omnes
617 3484 695 3550 digno
746 3498 770 3537 et
784 3490 876 3537 Bersm.
892 3488 1017 3537 ediderunt
1025 3488 1146 3551 pulchrior
1153 3487 1239 3543 temet

199 3557 299 3607 luissent
318 3557 421 3614 vincere,
442 3557 538 3607 minime
566 3557 652 3607 dubins
672 3570 697 3609 et
745 3571 770 3611 et
779 3562 857 3612 Aldus
865 3564 889 3611 in
899 3562 975 3627 priore
985 3560 1106 3621 editiora
1122 3568 1237 3627 etpcrpe·

200 3631 316 3681 sollicitus
326 3628 408 3680 fuisset
417 3631 497 3692 Paris3
506 3633 548 3681 sed
557 3633 618 3681 inter
628 3649 697 3699 pares
745 3652 795 3685 ram
809 3636 892 3685 Doura
908 3638 999 3702 probat,
1016 3652 1046 3684 ex
1062 3634 1112 3683 illis
1127 3627 1238 3699 Properti

200 3705 275 3754 forma
285 3721 355 3753 unam
366 3705 482 3769 prnlcrre,
494 3705 538 3754 hoc
552 3706 661 3756 timidum
672 3718 697 3757 et
745 3710 772 3758 ii.
784 3711 851 3775 Elcg.
863 3710 896 3759 vi.
911 3712 949 3760 12.

200 3779 316 3830 incertum
330 3779 442 3828 faciebat.
477 3780 566 3828 Bunu.
779 3784 844 3832 Tibia
846 3785 945 3850 surrecta
956 3787 1044 3833 tristior
1052 3786 1098 3832 itta
1107 3785 1172 3832 tuta.

233 3856 275 3903 78.
294 3853 362 3902 Hauc
371 3872 414 3903 erse
425 3865 452 3902 ut
466 3858 541 3911 scii-es,
552 3857 613 3902 unde
623 3871 694 3904 nuce·
747 3858 890 3907 Concinnior
899 3860 945 3907 erit
963 3858 1072 3914 lectioni
1088 3858 1188 3921 probetis
1201 3866 1236 3903 rt·

200 3941 241 3979 tar
250 3929 336 3991 umcr.]
355 3929 501 3978 Sensusczt:
520 3930 576 3978 Una
586 3945 623 3977 me
634 3946 694 3995 pre·
746 3949 829 4000 ponas.
862 3932 902 3981 Sic
912 3933 974 3982 inlra
984 3933 1047 3981 20³:
1282 3972 1287 3989 ,

200 4011 236 4053 ter
253 4014 344 4052 ceteras
359 4004 483 4053 movebat:
510 4020 540 4053 er
560 4019 607 4068 quo
624 4004 695 4054 tacite
777 4005 1025 4072 -Collutirfomu
1037 4005 1237 4056 Memen-

199 4092 279 4143 pumes
299 4075 367 4135 scire,
388 4094 442 4127 eam
462 4094 522 4135 esse.
543 4093 597 4142 qua
622 4079 695 4127 amori
809 4084 859 4129 mir.
1174 4076 1209 4127 11.

199 4159 319 4218 praesset,
341 4151 386 4202 boc
407 4161 443 4202 est
462 4155 593 4205 Venerem:
617 4168 694 4218 neque
