2896 4980
206 310 274 375 utu
500 308 538 373 Ρ.
564 306 724 372 OVIDII
750 306 961 374 NASONIS

208 480 415 556 Hactenus.
444 504 620 555 arcanum
637 479 782 554 furtivae
799 482 953 556 conscia
969 483 1107 557 mentis
1171 486 1234 559 265

259 598 394 686 Libera,
408 600 489 697 jam
506 599 605 672 lasso
623 598 771 697 pollice,
791 599 900 672 sistat
915 622 1025 697 opus.

207 714 345 789 Cetera
354 739 421 814 per
432 716 553 789 socias
563 715 773 813 Clymenen
780 714 1027 811 AEthramque
1037 714 1233 813 loquamur,

256 829 351 914 Quae
369 831 459 903 mihi
478 841 565 904 sunt
582 829 738 904 comites
756 829 1030 929 consiliumque
1047 829 1146 905 duae.

502 1253 765 1329 EPISTOLA
792 1254 944 1330 XVIII.

433 1462 721 1529 aninoaa
761 1424 1012 1530 flanona

204 1639 324 1714 Mittit
341 1639 562 1738 Abydenus,
582 1663 697 1738 quam
715 1642 843 1715 mallet
860 1641 967 1727 serre,
987 1640 1161 1727 salntem,

255 1755 296 1829 Si
314 1756 425 1829 cadat
442 1756 496 1830 ira
512 1756 638 1844 maris,
660 1754 771 1831 Sesta
787 1755 925 1856 puella,
943 1755 1026 1830 tibi.

201 1987 257 2051 est]
277 1987 357 2037 Cusas
372 1989 432 2037 libro
446 1990 520 2055 primo
537 1990 593 2039 belli
605 1991 696 2047 civilis,
779 1990 849 2039 Hauc
868 1989 998 2055 Epistulam
1012 1988 1126 2039 Bertbius
1135 1986 1235 2038 edundi

200 2076 256 2127 cap.
268 2062 309 2110 tu.
345 2062 438 2125 Tempus
454 2074 504 2110 erat
519 2064 696 2129 onnidtffiritli·
745 2063 937 2114 metatam.
963 2063 1050 2113 Ovidio
1060 2061 1235 2115 adscribenda

200 2153 271 2191 mrim,
291 2152 333 2199 quo
353 2153 424 2199 neque
436 2136 561 2201 frumento
579 2141 604 2185 in
625 2139 697 2187 terto
747 2137 829 2193 audet,
853 2137 965 2187 inductus
989 2152 1050 2187 vers.
1066 2138 1126 2186 247.
1142 2145 1168 2187 et
1182 2136 1234 2187 III.

200 2220 276 2266 nont,
288 2226 359 2272 neque
373 2211 470 2257 multum
485 2229 501 2257 o
511 2214 644 2259 maturitate
658 2214 696 2259 ob·
746 2227 806 2276 quos
816 2228 845 2261 ex
854 2212 946 2261 Musaeo
954 2227 1034 2261 versos
1043 2208 1236 2277 eeeeputat5niti

200 2294 275 2331 nont.
296 2283 337 2334 ubi
355 2282 406 2332 vid.
421 2292 489 2333 notas
506 2284 563 2332 Aldi
581 2285 696 2333 Manutii.
746 2285 853 2334 blusaeus
864 2284 894 2333 eit
911 2284 1038 2350 antiquior,
1051 2301 1125 2349 quarn
1138 2284 1237 2351 pernan'

200 2359 267 2407 herbo
276 2358 301 2407 in
312 2366 391 2423 segete
402 2368 446 2415 est,
457 2358 593 2425 priusquam
606 2358 631 2408 in
638 2360 695 2409 aris·
747 2374 809 2407 nunc
818 2359 865 2409 rint
875 2359 939 2408 docti
949 2358 1067 2408 homines.
1084 2358 1128 2409 sed
1135 2358 1237 2409 mutus

198 2440 235 2481 tas
254 2432 338 2497 surgit.
381 2432 459 2497 idque
480 2432 599 2481 vaerbii
619 2432 695 2482 vicern
745 2430 1236 2491 adeumdemstatiilocumseribiuhn·

199 2506 299 2564 obtinet,
311 2506 341 2556 de
355 2507 391 2564 iis,
402 2507 443 2573 qui
461 2507 510 2556 vita
526 2515 551 2555 et
561 2524 602 2573 spe
613 2509 695 2573 prioci-
745 2511 783 2556 dri
792 2509 881 2573 jbbulo
902 2517 942 2566 est,
965 2508 1047 2556 Om'dio
1064 2508 1185 2574 referente,
1200 2524 1236 2557 aa·

198 2580 285 2645 pitant.
320 2581 414 2631 Persius
430 2583 513 2647 Satyra
534 2590 615 2630 sexta:
634 2582 696 2636 Quid
746 2585 839 2641 tissima,
852 2582 1039 2648 quemadbanc
1054 2582 1237 2649 Epistularum·

198 2656 300 2703 metuas?
316 2672 376 2712 oceo,
392 2666 413 2704 et
428 2673 487 2721 seges
501 2656 576 2704 altero
588 2659 613 2704 tn
628 2657 696 2703 herba
745 2657 826 2721 picere
837 2656 988 2705 manifestum
1001 2664 1046 2713 est,
1057 2672 1114 2705 cum
1123 2656 1150 2706 in
1164 2658 1237 2707 nten-

197 2739 238 2778 σε.
270 2730 299 2777 In
311 2730 423 2779 Oratione
433 2731 472 2779 M.
483 2730 581 2779 Catonis
589 2730 696 2779 Censorii
745 2730 862 2796 rnorpbosi
885 2731 937 2779 bac
959 2728 1040 2779 tabula
1066 2746 1115 2779 nou
1141 2731 1236 2797 legatur.

198 2801 228 2851 de
250 2802 370 2853 AEdilibus
391 2802 448 2853 vitio
467 2802 560 2860 creatis,
578 2804 695 2854 Noctibus
744 2804 833 2853 Bunrr.

198 2876 286 2927 AttIcis
302 2877 335 2925 A.
347 2878 420 2927 Gellii
437 2878 497 2927 libro
507 2877 557 2926 xiii.
568 2893 623 2943 cap.
635 2878 693 2926 xvii.
778 2880 800 2926 l.
819 2878 894 2925 Mittit
905 2877 1035 2940 Abydenus,
1046 2877 1108 2940 dre-J
1127 2874 1237 2931 lande,

200 2949 269 2998 Nune
280 2953 314 2998 ito
329 2953 407 3012 ajam,
418 2955 444 3000 in
458 2954 574 3017 segetibiu,
584 2955 609 3000 in
623 2953 696 3001 berbi}
745 2951 786 3016 qui
801 2967 830 3001 ex
847 2950 944 3015 Abydo,
961 2950 1049 3016 oppido
1064 2950 1129 3016 quod
1145 2948 1237 3001 otini·

198 3025 447 3090 bonosmmentoesse.
466 3027 536 3075 nolite
551 3029 582 3075 ibi
600 3029 695 3075 nimium
744 3035 849 3075 extrema
866 3024 930 3073 Asite
948 3034 1024 3090 parte,
1046 3024 1078 3074 nd
1095 3040 1162 3074 oram
1178 3023 1238 3075 eim

197 3116 255 3159 spem
267 3101 356 3148 babere.
373 3117 426 3163 seps
437 3102 516 3149 curtim*
525 3102 587 3148 inter
596 3117 619 3148 os
629 3110 651 3148 et
658 3102 693 3167 os-
744 3098 940 3165 Hellespontiaci,
951 3098 1072 3147 conditum
1084 3108 1136 3148 erat
1145 3115 1161 3148 a
1170 3096 1237 3147 Mile·

190 3172 245 3234 firm
264 3175 337 3219 multa
355 3177 494 3222 interuenire
520 3190 588 3235 posse.
616 3190 694 3222 verum
743 3173 793 3230 siis,
815 3181 933 3222 annuente
952 3180 976 3220 et
997 3172 1146 3222 mneedente
1164 3172 1237 3237 Gyge,

198 3249 320 3293 verointer
333 3247 401 3311 offm
416 3258 483 3310 atque
500 3248 589 3296 herbam
602 3250 694 3297 ibioero
745 3248 863 3312 Lydorum
886 3262 951 3311 rege,
972 3245 1012 3311 qui
1038 3255 1096 3296 tuno
1122 3246 1237 3312 regionem

198 3318 290 3381 tongum
301 3322 448 3368 intertullum
459 3329 500 3367 est.
511 3320 543 3369 iv.
560 3322 626 3369 Fusl.
637 3322 694 3371 645.
744 3320 806 3370 hauc
815 3336 917 3377 omnem,
928 3320 990 3369 sicut
997 3327 1022 3368 et
1030 3319 1133 3377 Troada,
1143 3321 1189 3370 tub
1197 3318 1237 3368 it!-

230 3392 291 3454 Saepe
303 3393 368 3440 Ceres
377 3396 456 3455 primia
469 3397 583 3442 dominum
591 3395 694 3458 fallebat
743 3396 808 3460 perio
819 3412 861 3444 suo
871 3396 976 3444 tenebat.
994 3394 1074 3444 Strab.
1086 3395 1139 3445 xiii.
1150 3410 1204 3461 cap.
1215 3394 1237 3441 1.

261 3468 378 3516 inberbis.
571 3469 661 3518 Herna.
743 3472 810 3519 Sesto
827 3470 926 3534 Abydos
944 3470 1162 3535 objacebat,aquc
1177 3467 1237 3519 mille

229 3541 287 3589 267.
306 3541 428 3605 Clymenen
437 3542 607 3605 AEtbromqne.]
627 3543 693 3592 Prio-
743 3559 854 3608 passuum
877 3544 978 3608 trajectu
996 3542 1116 3592 distabat:
1141 3542 1185 3593 sed
1207 3540 1237 3590 ibi

197 3630 246 3662 rem
263 3614 330 3664 aliter
342 3624 411 3664 vocat
422 3615 531 3680 Hyginus
542 3632 594 3681 cap.
604 3619 646 3665 92.
662 3617 693 3667 de
743 3617 828 3667 fretum
839 3617 948 3683 rapidum
965 3617 1025 3666 adeo
1042 3628 1067 3667 et
1083 3616 1238 3673 inmutabile,

194 3689 285 3754 judIcio
301 3689 402 3739 Paridis.
436 3690 572 3738 Alexander
593 3691 694 3741 Veneris
743 3702 770 3741 ut
785 3694 805 3741 si
813 3692 855 3758 qni
873 3709 902 3741 ex
914 3691 974 3740 Aula
988 3692 1014 3741 in
1032 3692 1237 3759 Emopmenent

197 3764 301 3828 impulsu
316 3765 433 3815 Helenam
448 3780 462 3812 a
478 3764 647 3812 lacedemone
663 3767 692 3814 ab
743 3765 870 3823 transituri,
878 3782 951 3822 oram,
961 3774 1019 3815 teste
1027 3764 1237 3820 eodemStraboue‚

197 3836 288 3902 hospite
296 3839 408 3888 Menelao
415 3838 509 3903 Trojam
515 3837 621 3893 abduxit,
628 3853 692 3887 eani-
743 3842 781 3890 cix
795 3842 857 3890 etad.
870 3841 945 3905 spatio
956 3841 1035 3905 legere
1051 3848 1199 3904 cogerentur,
1208 3852 1236 3886 ne

197 3926 243 3974 que
260 3911 284 3959 iu
302 3914 410 3979 conjugio
425 3911 509 3960 habuit
530 3926 584 3959 curn
601 3911 694 3962 ancillis
743 3916 859 3963 nudarum
880 3915 903 3962 vi
925 3913 1058 3979 precipites
1084 3912 1235 3962 auferrentur.

196 3983 289 4035 duabus
300 3989 386 4037 AEthra
399 3998 422 4037 et
433 3984 552 4042 Phisaide‚
564 4002 624 4050 qum
635 3987 692 4036 Cas·
743 3990 843 4038 Exstant
860 3988 938 4036 adhuc
953 3986 1035 4051 Abydi
1053 3986 1162 4051 vestigia,
1175 3981 1235 4035 baud

196 4068 232 4107 tor
250 4070 274 4110 et
290 4063 375 4112 Pollux
391 4063 498 4128 captivas
519 4060 542 4109 ei
559 4061 692 4126 assignave-
743 4062 822 4127 procul
834 4078 849 4109 a
859 4061 918 4117 Ioco,
929 4061 970 4125 qui
983 4060 1081 4127 Nagara
1091 4059 1234 4119 dicitnrm·

196 4136 506 4203 rantoliqnandoreginas.
539 4136 611 4186 Cror.
742 4144 838 4202 persunt
855 4152 950 4200 quoque
966 4135 991 4184 in
1005 4134 1106 4185 adversa
1123 4150 1165 4185 ota
1178 4126 1234 4184 Sati
