2896 4980
504 372 763 451 HEROIDES.
787 384 857 451 ΕΡ.
880 385 943 453 VI.
1200 389 1245 457 ὥ

203 555 314 645 Nam,
333 581 381 632 ue
397 567 511 658 pacta
525 560 594 633 tibi
611 571 748 660 praeter
764 583 849 635 mea
865 578 981 658 regua
997 561 1152 652 redires,
1217 570 1240 639 ὁ

253 672 351 745 Cum
369 698 549 774 cuperes;
577 685 708 749 ventos
726 699 800 749 non
818 676 994 751 habuisse
1011 687 1132 776 potes.

201 787 418 872 Quamlibet
434 791 590 864 adverso
607 791 774 887 signetur
791 792 951 890 epistola
965 805 1076 868 vento
1088 804 1107 885 ;'

251 903 466 1005 Hypsipyle
483 907 598 979 missa
615 906 729 1002 digna
746 907 866 980 salute
883 906 949 980 fui.
1040 914 1044 918 ’
1130 913 1133 917 ’

202 1022 280 1095 Cur
297 1025 388 1097 mihi
405 1024 505 1099 sama
520 1024 631 1122 prior,
652 1048 766 1123 quam
784 1024 915 1099 nuntia
930 1025 1048 1112 litera,
1068 1027 1182 1116 venit,

251 1139 332 1214 Isse
350 1165 475 1214 sacros
494 1138 609 1212 Marti
626 1139 696 1212 sub
710 1142 804 1237 juga
820 1140 945 1238 panda
960 1141 1100 1216 boves?
1194 1148 1240 1216 10

203 1255 416 1329 Seminibus
431 1257 543 1353 jactis
561 1265 709 1352 segetes
728 1257 896 1330 adolesse
912 1256 1085 1344 virorum,

253 1371 374 1469 Inque
392 1397 524 1446 necem
542 1372 677 1446 dextra
693 1395 767 1445 non
785 1372 933 1468 eguisse
949 1373 1040 1446 tua?

202 1486 427 1583 Pervigilem
444 1488 605 1585 spolium
623 1486 779 1584 pecudis
797 1510 965 1560 servasse
983 1489 1196 1576 draconem,

253 1601 379 1701 Rapta
394 1613 520 1676 tamen
537 1601 622 1676 sorti
639 1602 776 1676 vellera
792 1601 893 1677 fulva
909 1604 1047 1677 manu?

201 1718 295 1792 Haec
315 1744 384 1816 ego
402 1721 433 1793 si
451 1743 602 1818 possem
620 1719 749 1793 timide
767 1719 1018 1806 credentibus,
1038 1716 1119 1793 Ista
1197 1725 1241 1795 15

251 1836 340 1934 lpse
358 1837 448 1910 mihi
466 1837 628 1935 scripsit,
648 1837 786 1921 dicere,
805 1845 947 1933 quanta
963 1833 1099 1908 forem!
1154 1906 1155 1910 ,

201 1950 301 2037 Quid
320 1978 455 2053 queror
472 1954 633 2028 officium
651 1951 742 2027 lenti
760 1976 930 2027 cessasse
948 1951 1085 2026 mariti!

252 2069 501 2167 Obsequium,
520 2093 653 2144 maneo
671 2068 702 2141 si
720 2079 796 2155 tua,
816 2068 955 2165 grande
972 2067 1052 2141 tuli.

200 2336 241 2384 bat
261 2337 354 2385 Douaa.
380 2347 458 2403 posset
475 2341 562 2401 etipsa
580 2341 633 2404 oapi
653 2355 696 2404 per
745 2338 871 2404 ista,quod
883 2336 1159 2404 sequitur,prretuierim.
1176 2335 1242 2400 inge-

198 2410 299 2475 ellipsin‚
311 2427 353 2476 pro
363 2411 393 2460 de
405 2412 448 2461 hoc
459 2412 519 2478 ipso.
746 2413 812 2461 niosa
828 2412 924 2478 quidem
941 2411 1033 2461 Heinsii
1047 2410 1190 2475 conjectura,
1200 2410 1242 2458 sed

232 2489 257 2534 5.
276 2486 387 2550 Pam]
406 2486 435 2534 ld
446 2496 482 2536 est
489 2504 565 2550 prope,
576 2486 631 2536 vide
641 2502 694 2551 qua
746 2485 813 2535 nobis
839 2497 931 2535 tantum
957 2502 1004 2534 non
1030 2483 1194 2550 permittimus,
1216 2492 1243 2531 ut

199 2558 248 2608 dixi
266 2559 291 2608 in
306 2561 505 2611 observationibus
522 2564 548 2611 in
564 2563 695 2610 Metamor-
746 2557 771 2606 iu
797 2568 888 2609 textum
919 2558 1058 2624 recipiamus
1088 2556 1242 2621 conjecturas.

198 2633 299 2699 phasim.
332 2635 404 2684 Cror.
421 2635 517 2685 mallem
528 2646 629 2700 propter,
640 2634 695 2683 vide
746 2647 799 2696 quta
816 2631 889 2681 nihilo
900 2631 1020 2680 meliorem
1036 2643 1130 2678 sensum
1144 2627 1243 2687 iaciunt,

199 2707 249 2755 viii.
268 2708 369 2756 Metam.
380 2710 439 2758 268.
455 2708 498 2758 sed
513 2720 592 2760 mmen
607 2709 696 2759 Statius
746 2720 791 2754 nec
801 2704 847 2757 fids
857 2705 965 2755 codicum
982 2705 1097 2753 nituntur.
1131 2703 1243 2753 Ceterum

197 2781 274 2830 rues.
287 2781 321 2830 rx.
744 2770 838 2844 egiegie
854 2775 900 2833 stc
916 2779 972 2828 nco
986 2779 1054 2827 roca
1070 2776 1190 2827 caeram
1206 2777 1242 2827 ui.

229 2856 325 2919 Jamque
333 2856 389 2921 fere
403 2861 501 2908 madium
512 2859 611 2908 Parnasi
619 2858 694 2923 fron·
744 2851 777 2901 ad
795 2853 863 2901 Fam.
875 2854 901 2901 ³.
936 2852 972 2901 Da
987 2869 1032 2915 qua
1048 2853 1090 2900 etsi
1104 2851 1243 2912 permultum

263 2932 305 2978 dea
313 2941 395 2992 prater
744 2935 812 2974 aataa
822 2929 906 2975 certior
919 2941 981 2974 aram
988 2923 1073 2990 sactus
1089 2925 1170 2980 tuae,
1180 2940 1242 2973 aaa·

233 3003 297 3050 Cotta
307 3004 395 3051 tenebat
405 3005 459 3052 iter.
745 3002 791 3056 tiis,
800 3000 871 3065 fama
886 3001 982 3063 danique
999 3001 1057 3061 ipsa,
1078 3006 1152 3046 tamen
1166 2999 1243 3046 eadem

199 3075 252 3124 Nisi
270 3084 294 3124 et
312 3074 361 3124 illic
376 3086 469 3138 propter
483 3075 559 3141 legas.
575 3085 656 3142 posset
671 3087 696 3127 et
745 3075 831 3122 latiora
839 3072 951 3139 feasmat
966 3074 1023 3121 mitt
1039 3082 1083 3121 tac
1101 3072 1180 3121 tima.
1196 3089 1243 3122 aas

195 3167 289 3211 rapere
307 3153 334 3197 s'a
352 3167 401 3199 maa
418 3167 508 3215 regam
532 3159 559 3200 ut
578 3151 626 3217 Ep.
643 3150 694 3201 xix.
743 3149 879 3213 &asquia
887 3149 977 3209 pionius
985 3148 1173 3210 tooubaatur,at
1189 3148 1242 3195 aba·

200 3224 255 3273 167.
290 3223 320 3272 In
332 3234 373 3272 tua
384 3227 529 3274 castrandi.
561 3225 652 3274 Haisa.
744 3223 1045 3288 riss.aaamosslg1mrao;
1062 3223 1178 3269 udatiasr
1187 3223 1243 3285 qaia

233 3299 271 3346 10.
291 3299 376 3346 Martis
394 3298 477 3362 bam]
496 3297 556 3348 Dios
573 3306 653 3347 tauros
670 3307 696 3349 et
744 3299 917 3363 videbas-magis
927 3298 968 3344 tibi
982 3297 1109 3362 gratulari,
1119 3312 1171 3343 cusa
1182 3297 1210 3345 ds
1220 3305 1243 3346 ts

197 3371 265 3428 ieros,
277 3381 301 3421 et
311 3373 375 3421 mira
388 3372 556 3437 magnitudinis
565 3372 694 3438 Apollodo·
743 3389 771 3421 aa
781 3382 802 3421 ta
816 3373 862 3435 ipsa
872 3373 998 3420 audiebam.
1030 3370 1098 3419 Forte
1109 3369 1181 3419 etism
1191 3385 1242 3418 raa·

197 3445 290 3496 ruslib.
301 3447 319 3495 i.
331 3445 496 3495 Bibliotheca.
521 3447 593 3496 Cios.
619 3445 696 3495 Marti
744 3446 873 3512 gissemm
886 3445 957 3512 hujus
966 3445 1013 3495 loci
1025 3442 1191 3509 erigeretur,si
1207 3443 1242 3493 le-

197 3521 288 3570 malim.
305 3520 613 3570 sadobstantmembrana.
633 3521 696 3570 Scri·
744 3529 851 3585 geretur:

198 3595 255 3644 verii
265 3595 339 3645 codex
350 3595 452 3645 habebat
464 3595 546 3652 Marti,
557 3594 599 3644 sed
609 3595 696 3645 sciolus
778 3593 834 3643 Hae
842 3594 909 3658 sgost'
915 3591 1082 3654 moemfimida
1091 3590 1242 3647 erodentibus,

197 3669 293 3733 qnidam
320 3669 476 3736 adscripscrat
495 3687 514 3717 s.
548 3670 639 3718 Huius.
659 3671 693 3720 iv.
840 3666 900 3729 Ipse,

198 3741 262 3791 Fast-
274 3744 333 3792 286.
809 3741 861 3804 Ipsa
875 3742 932 3789 mibi
944 3741 1043 3802 scripsit,
1059 3740 1141 3795 diam,
1156 3743 1243 3798 quanta

232 3811 312 3865 Veneri
321 3817 571 3881 sacrasytbarapstit.
833 3815 927 3882 joram!

229 3889 325 3939 Reduxi
341 3900 444 3939 veterem
459 3892 597 3957 scriptorum
613 3899 638 3938 et
654 3905 695 3940 ar·
745 3890 775 3939 In
792 3889 840 3939 illis
855 3887 1032 3956 repetitionibus
1042 3887 1079 3936 uis
1095 3891 1120 3933 et
1132 3888 1243 3931 venustas

197 3979 304 4012 ausorum
321 3965 455 4021 lectionem,
472 3966 513 4030 qui
531 3980 577 4013 non
596 3965 696 4021 variant,
745 3972 789 4013 est.
815 3962 850 4012 ita
868 3979 923 4013 mox
943 3960 991 4010 duo
1011 3958 1104 4009 codices
1125 3962 1242 4020 repetunt.

197 4036 241 4084 nisi
257 4037 320 4102 quod
338 4037 435 4102 quidam
454 4040 557 4088 babeant
573 4039 696 4103 toa,qnod
745 4035 844 4099 officim
865 4052 951 4093 manaa,
967 4036 988 4082 st
1006 4044 1064 4092 tua,
1080 4030 1168 4098 grands
1186 4026 1241 4076 sati.

196 4109 280 4158 eodem
306 4109 377 4160 redit.
405 4111 513 4174 quamvis
536 4113 581 4160 baa
603 4120 697 4178 propter
745 4110 836 4159 Eunu.

93 4524 261 4684 fi.
