2904 4994
194 375 261 442 ist
479 370 519 437 P.
542 367 704 436 0le11
728 368 941 441 NASONIS.

196 545 299 633 Quid
316 569 410 646 puer
427 544 590 631 admisit,
609 555 686 619 tom
703 543 835 643 paucis
852 544 976 620 editus
993 545 1120 622 boris:

244 664 329 749 Quo
345 662 443 737 laesit
459 662 569 748 sacto,
589 661 652 735 vix
673 663 771 737 bene
789 672 912 747 natus,
928 661 1063 735 avuml

197 780 238 854 Si
257 780 380 879 potuit
397 781 577 853 meruisse
596 803 740 865 necem,
759 779 940 852 meruisse
958 790 1122 877 putetur.

245 894 306 968 Ab
324 895 437 968 miser
454 894 618 968 admisso
635 895 812 992 plectitur
829 893 891 967 ille
908 894 1013 968 meo!
1170 899 1242 970 110

196 1011 231 1085 N
235 1022 308 1098 ate,
327 1011 434 1085 dolor
451 1011 592 1098 matris,
612 1011 824 1109 rapidorum
842 1011 971 1109 proedu
988 1009 1163 1099 serarum,

246 1125 338 1224 (Hei
357 1126 485 1220 mihil)
512 1125 627 1200 natali
645 1126 846 1200 dilacerate
864 1135 952 1200 tuo:

197 1243 233 1317 N
237 1254 311 1329 ate,
330 1266 462 1342 parum
480 1242 591 1316 fausti
609 1243 820 1317 miserabile
838 1243 974 1341 pignus
993 1242 1153 1332 amoris3

247 1359 342 1433 Haec
360 1360 428 1432 tibi
447 1359 567 1457 prima
583 1359 677 1445 dies,
696 1359 776 1432 baec
794 1358 863 1432 tibi
882 1383 1030 1433 summa
1046 1359 1128 1433 luit.

197 1476 285 1550 Non
302 1475 393 1548 mibi
410 1485 449 1548 te
466 1475 572 1548 licuit
588 1475 751 1549 lacrimis
769 1475 993 1573 perfundere
1007 1476 1137 1574 justis:
1172 1480 1241 1551 115

246 1589 292 1664 In
310 1602 375 1665 tua
392 1615 467 1664 non
483 1601 611 1666 tonsas
629 1591 724 1667 ferre
742 1593 916 1690 scpulcra
932 1616 1073 1666 comas.

197 1709 284 1783 Non
301 1709 587 1807 superincubui:
617 1733 690 1782 non
707 1709 836 1783 oscula
849 1707 984 1805 frigida
1001 1708 1137 1807 carpsi.

248 1823 440 1922 Diripiunt
456 1825 573 1898 avide
590 1825 736 1898 viscera
751 1835 880 1897 nostra
896 1822 999 1898 serae.

197 1938 288 2039 Ipsa
304 1963 456 2037 quoque
472 1939 633 2014 infantes
651 1964 737 2013 oum
758 1940 912 2013 vulnere
935 1962 1143 2038 prosequar
1159 1962 1241 2012 um·

249 2055 284 2129 N
288 2080 332 2130 ec
350 2067 469 2130 muter
486 2056 590 2131 fuero
608 2057 720 2143 dictu
739 2079 810 2130 nec
827 2057 920 2130 orba
935 2056 1013 2128 diu.
1118 2055 1241 2152 [brast

197 2170 255 2246 Tu
273 2183 411 2258 tamen,
429 2170 606 2246 &frustra
623 2173 768 2247 miserae
786 2183 934 2272 sperate
952 2172 1082 2260 sorori,
1172 2176 1239 2246 121

249 2287 402 2386 Sparsa,
421 2312 564 2388 precor,
584 2290 661 2363 nati
679 2288 816 2386 collige
833 2289 1002 2362 membra
1017 2288 1095 2363 tui:

198 2555 229 2609 de
239 2556 350 2608 turribus
361 2567 386 2608 et
402 2557 517 2607 sororibus
533 2567 626 2609 tentum
636 2559 697 2608 inter
775 2560 830 2607 114.
841 2558 1010 2624 samsom]
1021 2557 1157 2625 'svupopd-
1173 2558 1245 2610 Cror.

198 2632 350 2681 renubendis
361 2631 516 2697 intelligatur,
523 2641 550 2682 ut
560 2632 656 2698 quidem
667 2649 696 2682 er
782 2632 837 2681 116.
856 2632 904 2680 ll'ec
921 2633 1015 2697 torem]
1040 2633 1185 2700 Simpliciter
1204 2648 1245 2685 tc·

198 2706 537 2772 commentatoribuserpouit.
566 2708 664 2756 Mrcrn.
746 2707 855 2772 ciperon
869 2709 955 2772 longor,
971 2715 999 2757 ut
1009 2707 1156 2757 Hubertinus
1172 2722 1246 2773 erpo-

234 2782 288 2830 loo.
308 2782 403 2830 Admitti
421 2781 486 2845 met]
515 2780 584 2830 Nihil
602 2790 697 2831 muten-
747 2780 792 2830 nit.
809 2781 917 2830 solebant
928 2792 1008 2831 sutem
1020 2781 1246 2831 lrmerelimoreoo·

199 2853 265 2904 dum.
283 2854 347 2902 idem
362 2856 425 2903 enim
441 2865 477 2905 est
493 2871 522 2904 sc
534 2856 582 2905 lato
592 2856 697 2913 meliore,
747 2869 798 2902 mus
807 2869 913 2904 resecare
925 2865 949 2904 et
959 2855 984 2904 in
995 2871 1078 2919 rogum
1088 2853 1195 2904 srdentis
1203 2860 1246 2905 sut

199 2928 224 2976 id
235 2936 272 2977 est
280 2927 383 2976 feliciore
392 2938 417 2977 et
426 2930 501 2994 magis
510 2929 596 2978 inusto.
614 2929 696 2980 aner.
747 2927 897 2993 sepulchrum
907 2928 1010 2978 mittere.
1027 2929 1171 2979 Mrcruros.
1191 2928 1248 2979 Mos

200 3002 267 3052 Flac.
279 3000 304 3048 ii.
319 3002 372 3050 152.
747 3012 798 3050 erst
808 3000 872 3066 epud
883 3011 983 3061 veteres,
993 3013 1021 3054 ut
1030 3015 1118 3054 metros
1134 3003 1247 3070 capillum

248 3074 362 3122 -Hor
373 3076 428 3122 tuter
431 3073 515 3138 forsan
528 3077 624 3124 salutm
634 3092 698 3125 mnu
747 3075 793 3125 sibi
808 3076 942 3134 tonderent,
959 3087 984 3128 et
1001 3078 1102 3127 filiorum
1117 3076 1248 3144 sepulchris

235 3147 271 3195 Tu
293 3149 405 3206 thalamis,
419 3148 517 3213 juraque
534 3152 591 3216 leger
608 3153 698 3200 metiore
747 3150 879 3215 injicerent.
900 3151 1002 3203 Ovidius
1013 3152 1062 3203 xiii.
1078 3153 1181 3201 Mettus.
1190 3152 1247 3203 427.

263 3231 364 3283 penates.
747 3224 777 3273 de
788 3224 890 3273 Hecube
899 3243 905 3272 ε

201 3293 232 3341 Et
241 3291 273 3340 vi.
287 3293 328 3341 ol.
780 3297 919 3347 Hectorisin
930 3300 1017 3348 tumulo
1032 3300 1153 3348 coeundo
1164 3301 1249 3349 reon

237 3367 360 3415 Venturam
368 3371 421 3418 curlo
421 3369 484 3434 sotir
492 3371 619 3419 melioribur
628 3373 698 3436 Argo.
811 3374 905 3429 crinem,

200 3441 239 3489 Sic
250 3443 350 3490 metum
363 3443 407 3490 Dei
418 3441 495 3491 eidem
506 3442 549 3491 lib.
561 3443 593 3492 vi.
604 3444 662 3493 676.
673 3453 698 3494 et
780 3446 880 3512 lrffsriur
896 3451 979 3511 inopes,
989 3449 1084 3504 erim
1101 3447 1250 3511 lacrimasque

199 3514 287 3580 possim
299 3515 360 3572 aliis,
370 3517 504 3583 pro.magis
521 3517 654 3568 laventibus
673 3527 698 3568 et
810 3525 913 3585 reliquit.
1141 3520 1214 3570 Cror.

200 3586 349 3638 facetioribus
359 3589 442 3639 similis
457 3607 512 3640 vero
529 3601 565 3640 est
581 3593 699 3642 sententis
748 3594 802 3644 Non
819 3607 892 3646 tonsor
909 3594 1000 3661 scripti.
1024 3595 1158 3644 Heinsius.
1193 3595 1248 3645 llu-

200 3663 251 3714 istir
261 3664 377 3730 Propertii
387 3665 431 3714 lib.
443 3664 478 3713 iii.
491 3665 559 3729 Eleg.
570 3666 627 3715 xvii.
639 3668 681 3718 25.
747 3669 853 3720 bertinus
863 3670 957 3720 videtur
974 3669 1104 3735 respexisse
1122 3669 1152 3719 ed
1170 3669 1249 3736 Epist.

234 3741 266 3787 At
276 3755 320 3796 uos,
331 3742 440 3802 innupte,
443 3739 541 3804 felicius
551 3744 613 3790 urite
623 3745 698 3791 tardos.
748 3744 798 3794 viii.
811 3748 852 3795 78.

576 3817 666 3866 Bonis.
781 3819 834 3879 Ipsa
850 3837 890 3885 ego
905 3838 952 3867 non
963 3821 1251 3884 longoretissruurrscirss

237 3888 290 3935 107.
308 3888 370 3942 Quid
380 3905 438 3950 puer
445 3889 559 3951 oderim]
576 3889 699 3940 Tratorius
813 3898 915 3957 capillos.

201 3959 386 4011 declamatorum
403 3971 428 4011 et
448 3964 574 4013 Poetarum
591 3964 616 4013 in
635 3967 698 4015 erci-
748 3966 796 4016 Sed
807 3987 851 4017 non
858 3966 1008 4034 jungendum
1018 3975 1055 4016 est
1065 3966 1203 4033 cumserre.

201 4035 275 4083 tende
291 4035 451 4087 misericordis
467 4036 593 4088 autentis.
611 4040 699 4106 deque
784 4043 839 4091 119.
858 4041 910 4104 lpse
920 4059 1005 4105 propre
1016 4041 1115 4107 insautir
1128 4059 1181 4091 eum
1198 4042 1250 4091 oel-

201 4106 251 4156 vid.
271 4109 392 4163 Lutatium
409 4122 435 4163 tt
451 4113 537 4165 Barth.
550 4113 581 4165 sd
596 4115 657 4165 Stet.
670 4113 697 4166 ii.
748 4131 802 4164 nere
827 4133 947 4180 persequor
973 4115 1088 4179 umbrae]
1119 4115 1251 4179 Pmpusr

201 4180 279 4233 lucu.
290 4183 348 4235 305.
748 4189 884 4240 Potesneus
894 4197 919 4239 et
929 4188 970 4240 elii
986 4188 1104 4240 meliores.
1120 4197 1158 4240 est
1168 4196 1249 4240 sutem
