<?xml version="1.0" encoding="UTF-8"?>
<!DOCTYPE html PUBLIC "-//W3C//DTD XHTML 1.0 Transitional//EN"
    "http://www.w3.org/TR/xhtml1/DTD/xhtml1-transitional.dtd">
<html xmlns="http://www.w3.org/1999/xhtml" xml:lang="en" lang="en">
 <head>
  <title>
</title>
<meta http-equiv="Content-Type" content="text/html;charset=utf-8" />
  <meta name='ocr-system' content='tesseract 3.04.00' />
  <meta name='ocr-capabilities' content='ocr_page ocr_carea ocr_par ocr_line ocrx_word'/>
</head>
<body>
  <div class='ocr_page' id='page_1' title='image "./povidiinasoniso01burmgoog_0127.png"; bbox 0 0 2896 4980; ppageno 0'>
   <div class='ocr_carea' id='block_1_1' title="bbox 507 378 958 450">
    <p class='ocr_par' dir='ltr' id='par_1_1' title="bbox 507 378 958 450">
     <span class='ocr_line' id='line_1_1' title="bbox 507 378 958 450; baseline 0.002 -2"><span class='ocrx_word' id='word_1_1' title='bbox 507 378 767 448; x_wconf 83' lang='lat' dir='ltr'><strong>HEROIDES.</strong></span> <span class='ocrx_word' id='word_1_2' title='bbox 792 381 863 448; x_wconf 84' lang='lat' dir='ltr'><strong>EP.</strong></span> <span class='ocrx_word' id='word_1_3' title='bbox 888 380 958 450; x_wconf 88' lang='lat' dir='ltr'><strong>IX.</strong></span> 
     </span>
    </p>
   </div>
   <div class='ocr_carea' id='block_1_2' title="bbox 1189 390 1253 456">
    <p class='ocr_par' dir='ltr' id='par_1_2' title="bbox 1189 390 1253 456">
     <span class='ocr_line' id='line_1_2' title="bbox 1189 390 1253 456; baseline 0.031 -2"><span class='ocrx_word' id='word_1_4' title='bbox 1189 390 1253 456; x_wconf 78' lang='lat' dir='ltr'><strong>nt</strong></span> 
     </span>
    </p>
   </div>
   <div class='ocr_carea' id='block_1_3' title="bbox 206 552 1193 1003">
    <p class='ocr_par' dir='ltr' id='par_1_3' title="bbox 208 552 1193 770">
     <span class='ocr_line' id='line_1_3' title="bbox 208 552 1191 655; baseline 0.007 -25"><span class='ocrx_word' id='word_1_5' title='bbox 208 552 357 655; x_wconf 86' lang='lat' dir='ltr'><strong>Nempe</strong></span> <span class='ocrx_word' id='word_1_6' title='bbox 375 555 446 629; x_wconf 91' lang='lat' dir='ltr'><strong>sub</strong></span> <span class='ocrx_word' id='word_1_7' title='bbox 463 557 523 629; x_wconf 84' lang='lat' dir='ltr'><strong>his</strong></span> <span class='ocrx_word' id='word_1_8' title='bbox 541 553 704 630; x_wconf 85' lang='lat' dir='ltr'><strong>animem</strong></span> <span class='ocrx_word' id='word_1_9' title='bbox 718 558 837 655; x_wconf 88' lang='lat' dir='ltr'><strong>pestis</strong></span> <span class='ocrx_word' id='word_1_10' title='bbox 848 555 1026 634; x_wconf 79' lang='lat' dir='ltr'><strong>Nemees</strong></span> <span class='ocrx_word' id='word_1_11' title='bbox 1042 560 1191 638; x_wconf 84' lang='lat' dir='ltr'><strong>lacertis</strong></span> 
     </span>
     <span class='ocr_line' id='line_1_4' title="bbox 257 666 1193 770; baseline 0.01 -24"><span class='ocrx_word' id='word_1_12' title='bbox 257 666 409 747; x_wconf 88' lang='lat' dir='ltr'><strong>Edidit:</strong></span> <span class='ocrx_word' id='word_1_13' title='bbox 438 672 536 746; x_wconf 90' lang='lat' dir='ltr'><strong>unde</strong></span> <span class='ocrx_word' id='word_1_14' title='bbox 554 674 732 747; x_wconf 81' lang='lat' dir='ltr'><strong>humerus</strong></span> <span class='ocrx_word' id='word_1_15' title='bbox 750 673 918 770; x_wconf 86' lang='lat' dir='ltr'><strong>tegmina</strong></span> <span class='ocrx_word' id='word_1_16' title='bbox 935 675 1049 750; x_wconf 88' lang='lat' dir='ltr'><strong>laevus</strong></span> <span class='ocrx_word' id='word_1_17' title='bbox 1061 677 1193 755; x_wconf 85' lang='lat' dir='ltr'><strong>hebet.</strong></span> 
     </span>
    </p>

    <p class='ocr_par' dir='ltr' id='par_1_4' title="bbox 206 784 1108 1003">
     <span class='ocr_line' id='line_1_5' title="bbox 206 784 1085 889; baseline 0.009 -29"><span class='ocrx_word' id='word_1_18' title='bbox 206 786 332 861; x_wconf 85' lang='lat' dir='ltr'><strong>Ausus</strong></span> <span class='ocrx_word' id='word_1_19' title='bbox 350 812 392 861; x_wconf 90' lang='lat' dir='ltr'><strong>es</strong></span> <span class='ocrx_word' id='word_1_20' title='bbox 410 784 572 861; x_wconf 86' lang='lat' dir='ltr'><strong>hirsutos</strong></span> <span class='ocrx_word' id='word_1_21' title='bbox 590 789 701 861; x_wconf 81' lang='lat' dir='ltr'><strong>mitra</strong></span> <span class='ocrx_word' id='word_1_22' title='bbox 717 789 892 862; x_wconf 90' lang='lat' dir='ltr'><strong>redimire</strong></span> <span class='ocrx_word' id='word_1_23' title='bbox 909 791 1085 889; x_wconf 84' lang='lat' dir='ltr'><strong>capillos:</strong></span> 
     </span>
     <span class='ocr_line' id='line_1_6' title="bbox 256 903 1108 1003; baseline 0.005 -27"><span class='ocrx_word' id='word_1_24' title='bbox 256 904 391 1003; x_wconf 89' lang='lat' dir='ltr'><strong>Aptior</strong></span> <span class='ocrx_word' id='word_1_25' title='bbox 408 903 606 978; x_wconf 72' lang='lat' dir='ltr'><strong>Herculeae</strong></span> <span class='ocrx_word' id='word_1_26' title='bbox 624 906 785 1003; x_wconf 91' lang='lat' dir='ltr'><strong>populns</strong></span> <span class='ocrx_word' id='word_1_27' title='bbox 804 906 890 979; x_wconf 77' lang='lat' dir='ltr'><strong>albe</strong></span> <span class='ocrx_word' id='word_1_28' title='bbox 907 931 1037 981; x_wconf 87' lang='lat' dir='ltr'><strong>comae.</strong></span> <span class='ocrx_word' id='word_1_29' title='bbox 1104 982 1108 995; x_wconf 66' lang='grc'>,</span> 
     </span>
    </p>
   </div>
   <div class='ocr_carea' id='block_1_4' title="bbox 208 1019 993 1120">
    <p class='ocr_par' dir='ltr' id='par_1_5' title="bbox 208 1019 993 1120">
     <span class='ocr_line' id='line_1_7' title="bbox 208 1019 993 1120; baseline 0.005 -28"><span class='ocrx_word' id='word_1_30' title='bbox 208 1019 346 1095; x_wconf 88' lang='lat' dir='ltr'><strong>Necte</strong></span> <span class='ocrx_word' id='word_1_31' title='bbox 365 1019 540 1107; x_wconf 77' lang='lat' dir='ltr'><strong>Maeonia,</strong></span> <span class='ocrx_word' id='word_1_32' title='bbox 560 1023 706 1094; x_wconf 82' lang='lat' dir='ltr'><strong>lascivae</strong></span> <span class='ocrx_word' id='word_1_33' title='bbox 726 1046 827 1095; x_wconf 91' lang='lat' dir='ltr'><strong>more</strong></span> <span class='ocrx_word' id='word_1_34' title='bbox 845 1024 993 1120; x_wconf 85' lang='lat' dir='ltr'><strong>puellae,</strong></span> 
     </span>
    </p>
   </div>
   <div class='ocr_carea' id='block_1_5' title="bbox 1200 1031 1249 1100">
    <p class='ocr_par' dir='ltr' id='par_1_6' title="bbox 1200 1031 1249 1100">
     <span class='ocr_line' id='line_1_8' title="bbox 1200 1031 1249 1100; baseline 0 0"><span class='ocrx_word' id='word_1_35' title='bbox 1200 1031 1249 1100; x_wconf 82' lang='lat'><strong>65</strong></span> 
     </span>
    </p>
   </div>
   <div class='ocr_carea' id='block_1_6' title="bbox 208 1134 1073 1574">
    <p class='ocr_par' dir='ltr' id='par_1_7' title="bbox 208 1134 1073 1574">
     <span class='ocr_line' id='line_1_9' title="bbox 257 1134 909 1234; baseline 0.003 -26"><span class='ocrx_word' id='word_1_36' title='bbox 257 1134 404 1232; x_wconf 86' lang='lat' dir='ltr'><strong>Incingi</strong></span> <span class='ocrx_word' id='word_1_37' title='bbox 422 1159 516 1209; x_wconf 85' lang='lat' dir='ltr'><strong>zone</strong></span> <span class='ocrx_word' id='word_1_38' title='bbox 532 1136 754 1210; x_wconf 87' lang='lat' dir='ltr'><strong>dedecuisse</strong></span> <span class='ocrx_word' id='word_1_39' title='bbox 772 1137 909 1234; x_wconf 73' lang='lat' dir='ltr'><strong>putas?</strong></span> 
     </span>
     <span class='ocr_line' id='line_1_10' title="bbox 208 1249 1073 1350; baseline 0.003 -25"><span class='ocrx_word' id='word_1_40' title='bbox 208 1249 244 1325; x_wconf 91' lang='lat' dir='ltr'>N</span> <span class='ocrx_word' id='word_1_41' title='bbox 247 1275 296 1324; x_wconf 93' lang='lat' dir='ltr'><strong>on</strong></span> <span class='ocrx_word' id='word_1_42' title='bbox 313 1250 382 1324; x_wconf 93' lang='lat' dir='ltr'><strong>tibi</strong></span> <span class='ocrx_word' id='word_1_43' title='bbox 400 1253 583 1324; x_wconf 85' lang='lat' dir='ltr'><strong>succurrit</strong></span> <span class='ocrx_word' id='word_1_44' title='bbox 600 1251 706 1324; x_wconf 93' lang='lat' dir='ltr'><strong>crudi</strong></span> <span class='ocrx_word' id='word_1_45' title='bbox 725 1252 920 1326; x_wconf 88' lang='lat' dir='ltr'><strong>Diomedis</strong></span> <span class='ocrx_word' id='word_1_46' title='bbox 937 1253 1073 1350; x_wconf 85' lang='lat' dir='ltr'><strong>image,</strong></span> 
     </span>
     <span class='ocr_line' id='line_1_11' title="bbox 257 1365 1066 1468; baseline 0.005 -28"><span class='ocrx_word' id='word_1_47' title='bbox 257 1365 405 1441; x_wconf 85' lang='lat' dir='ltr'><strong>Efferus</strong></span> <span class='ocrx_word' id='word_1_48' title='bbox 424 1368 588 1442; x_wconf 86' lang='lat' dir='ltr'><strong>hnmana</strong></span> <span class='ocrx_word' id='word_1_49' title='bbox 604 1369 669 1465; x_wconf 90' lang='lat' dir='ltr'><strong>qni</strong></span> <span class='ocrx_word' id='word_1_50' title='bbox 687 1368 785 1467; x_wconf 86' lang='lat' dir='ltr'><strong>dape</strong></span> <span class='ocrx_word' id='word_1_51' title='bbox 803 1370 911 1467; x_wconf 63' lang='lat' dir='ltr'><strong>pavit⁴</strong></span> <span class='ocrx_word' id='word_1_52' title='bbox 922 1371 1066 1468; x_wconf 69' lang='lat' dir='ltr'><strong>equas?</strong></span> 
     </span>
     <span class='ocr_line' id='line_1_12' title="bbox 208 1482 931 1574; baseline 0.003 -18"><span class='ocrx_word' id='word_1_53' title='bbox 208 1482 251 1556; x_wconf 82' lang='lat' dir='ltr'><strong>Si</strong></span> <span class='ocrx_word' id='word_1_54' title='bbox 268 1493 307 1557; x_wconf 82' lang='lat' dir='ltr'><strong>te</strong></span> <span class='ocrx_word' id='word_1_55' title='bbox 323 1483 480 1558; x_wconf 87' lang='lat' dir='ltr'><strong>vidisset</strong></span> <span class='ocrx_word' id='word_1_56' title='bbox 496 1485 600 1557; x_wconf 92' lang='lat' dir='ltr'><strong>cultu</strong></span> <span class='ocrx_word' id='word_1_57' title='bbox 620 1483 764 1556; x_wconf 91' lang='lat' dir='ltr'><strong>Busiris</strong></span> <span class='ocrx_word' id='word_1_58' title='bbox 783 1485 821 1558; x_wconf 90' lang='lat' dir='ltr'><strong>in</strong></span> <span class='ocrx_word' id='word_1_59' title='bbox 839 1486 931 1574; x_wconf 88' lang='lat' dir='ltr'><strong>isto;</strong></span> 
     </span>
    </p>
   </div>
   <div class='ocr_carea' id='block_1_7' title="bbox 256 1597 1090 1699">
    <p class='ocr_par' dir='ltr' id='par_1_8' title="bbox 256 1597 1090 1699">
     <span class='ocr_line' id='line_1_13' title="bbox 256 1597 1090 1699; baseline 0.004 -28"><span class='ocrx_word' id='word_1_60' title='bbox 256 1597 357 1672; x_wconf 91' lang='lat' dir='ltr'><strong>Huic</strong></span> <span class='ocrx_word' id='word_1_61' title='bbox 374 1599 493 1673; x_wconf 84' lang='lat' dir='ltr'><strong>victor</strong></span> <span class='ocrx_word' id='word_1_62' title='bbox 510 1600 607 1673; x_wconf 87' lang='lat' dir='ltr'><strong>victo</strong></span> <span class='ocrx_word' id='word_1_63' title='bbox 625 1624 760 1699; x_wconf 87' lang='lat' dir='ltr'><strong>nempe</strong></span> <span class='ocrx_word' id='word_1_64' title='bbox 778 1601 976 1699; x_wconf 90' lang='lat' dir='ltr'><strong>pudendus</strong></span> <span class='ocrx_word' id='word_1_65' title='bbox 995 1625 1090 1676; x_wconf 69' lang='lat' dir='ltr'><strong>eres,</strong></span> 
     </span>
    </p>
   </div>
   <div class='ocr_carea' id='block_1_8' title="bbox 195 1753 706 4325">
    <p class='ocr_par' dir='ltr' id='par_1_9' title="bbox 203 1753 704 2699">
     <span class='ocr_line' id='line_1_14' title="bbox 238 1753 703 1816; baseline -0.004 -11"><span class='ocrx_word' id='word_1_66' title='bbox 238 1753 281 1805; x_wconf 79' lang='lat'><strong>62.</strong></span> <span class='ocrx_word' id='word_1_67' title='bbox 299 1753 402 1816; x_wconf 74' lang='lat' dir='ltr'><strong>Edidit]</strong></span> <span class='ocrx_word' id='word_1_68' title='bbox 415 1753 585 1802; x_wconf 79' lang='lat' dir='ltr'><strong>Moreticodex</strong></span> <span class='ocrx_word' id='word_1_69' title='bbox 594 1757 703 1816; x_wconf 86' lang='lat' dir='ltr'><strong>perdidit.</strong></span> 
     </span>
     <span class='ocr_line' id='line_1_15' title="bbox 207 1827 702 1894; baseline 0 -16"><span class='ocrx_word' id='word_1_70' title='bbox 207 1827 331 1878; x_wconf 56' lang='lat' dir='ltr'><strong>terdenis</strong></span> <span class='ocrx_word' id='word_1_71' title='bbox 340 1830 446 1878; x_wconf 76' lang='lat' dir='ltr'><strong>eredidit.</strong></span> <span class='ocrx_word' id='word_1_72' title='bbox 457 1827 499 1876; x_wconf 84' lang='lat' dir='ltr'><strong>sed</strong></span> <span class='ocrx_word' id='word_1_73' title='bbox 508 1827 585 1877; x_wconf 82' lang='lat' dir='ltr'><strong>electa</strong></span> <span class='ocrx_word' id='word_1_74' title='bbox 595 1836 620 1877; x_wconf 90' lang='lat' dir='ltr'><strong>et</strong></span> <span class='ocrx_word' id='word_1_75' title='bbox 630 1831 702 1894; x_wconf 81' lang='lat' dir='ltr'><strong>probe</strong></span> 
     </span>
     <span class='ocr_line' id='line_1_16' title="bbox 206 1894 703 1967; baseline -0.002 -16"><span class='ocrx_word' id='word_1_76' title='bbox 206 1902 295 1954; x_wconf 80' lang='lat' dir='ltr'><strong>locutio</strong></span> <span class='ocrx_word' id='word_1_77' title='bbox 308 1905 374 1952; x_wconf 80' lang='lat' dir='ltr'><strong>odere</strong></span> <span class='ocrx_word' id='word_1_78' title='bbox 388 1905 487 1949; x_wconf 82' lang='lat' dir='ltr'><strong>animam</strong></span> <span class='ocrx_word' id='word_1_79' title='bbox 503 1919 544 1967; x_wconf 90' lang='lat' dir='ltr'><strong>pro</strong></span> <span class='ocrx_word' id='word_1_80' title='bbox 560 1894 628 1952; x_wconf 85' lang='lat' dir='ltr'><strong>mori.</strong></span> <span class='ocrx_word' id='word_1_81' title='bbox 661 1900 703 1954; x_wconf 89' lang='lat' dir='ltr'><strong>Ci-</strong></span> 
     </span>
     <span class='ocr_line' id='line_1_17' title="bbox 206 1974 703 2043; baseline -0.002 -16"><span class='ocrx_word' id='word_1_82' title='bbox 206 1992 271 2027; x_wconf 78' lang='lat' dir='ltr'><strong>etto·</strong></span> <span class='ocrx_word' id='word_1_83' title='bbox 286 1991 329 2043; x_wconf 82' lang='lat' dir='ltr'><strong>pso</strong></span> <span class='ocrx_word' id='word_1_84' title='bbox 343 1974 536 2040; x_wconf 68' lang='lat' dir='ltr'><strong>Sestiocepdd.</strong></span> <span class='ocrx_word' id='word_1_85' title='bbox 561 1979 594 2024; x_wconf 83' lang='lat' dir='ltr'><strong>dc</strong></span> <span class='ocrx_word' id='word_1_86' title='bbox 611 1980 631 2024; x_wconf 87' lang='lat' dir='ltr'><strong>si</strong></span> <span class='ocrx_word' id='word_1_87' title='bbox 647 1988 703 2026; x_wconf 79' lang='lat' dir='ltr'><strong>terte</strong></span> 
     </span>
     <span class='ocr_line' id='line_1_18' title="bbox 208 2048 704 2111; baseline 0.004 -15"><span class='ocrx_word' id='word_1_88' title='bbox 208 2049 240 2098; x_wconf 87' lang='lat' dir='ltr'><strong>P.</strong></span> <span class='ocrx_word' id='word_1_89' title='bbox 250 2048 344 2107; x_wconf 75' lang='lat' dir='ltr'><strong>Sestius,</strong></span> <span class='ocrx_word' id='word_1_90' title='bbox 354 2048 456 2105; x_wconf 78' lang='lat' dir='ltr'><strong>Judieer,</strong></span> <span class='ocrx_word' id='word_1_91' title='bbox 466 2051 492 2097; x_wconf 83' lang='lat' dir='ltr'><strong>in</strong></span> <span class='ocrx_word' id='word_1_92' title='bbox 509 2051 587 2111; x_wconf 81' lang='lat' dir='ltr'><strong>templo</strong></span> <span class='ocrx_word' id='word_1_93' title='bbox 605 2049 704 2098; x_wconf 64' lang='lat' dir='ltr'><strong>Cameris</strong></span> 
     </span>
     <span class='ocr_line' id='line_1_19' title="bbox 203 2126 703 2187; baseline 0.004 -16"><span class='ocrx_word' id='word_1_94' title='bbox 203 2127 314 2181; x_wconf 62' lang='lat' dir='ltr'><strong>‚ssim</strong></span> <span class='ocrx_word' id='word_1_95' title='bbox 332 2141 399 2187; x_wconf 75' lang='lat' dir='ltr'><strong>quest</strong></span> <span class='ocrx_word' id='word_1_96' title='bbox 416 2126 453 2171; x_wconf 76' lang='lat' dir='ltr'><strong>eie</strong></span> <span class='ocrx_word' id='word_1_97' title='bbox 469 2126 575 2180; x_wconf 78' lang='lat' dir='ltr'><strong>retinuit,</strong></span> <span class='ocrx_word' id='word_1_98' title='bbox 590 2126 703 2173; x_wconf 77' lang='lat' dir='ltr'><strong>edidisset.</strong></span> 
     </span>
     <span class='ocr_line' id='line_1_20' title="bbox 206 2195 703 2263; baseline -0.002 -15"><span class='ocrx_word' id='word_1_99' title='bbox 206 2197 250 2248; x_wconf 76' lang='lat' dir='ltr'><strong>sbi</strong></span> <span class='ocrx_word' id='word_1_100' title='bbox 259 2195 311 2248; x_wconf 84' lang='lat' dir='ltr'><strong>vid.</strong></span> <span class='ocrx_word' id='word_1_101' title='bbox 321 2206 389 2247; x_wconf 79' lang='lat' dir='ltr'><strong>notas</strong></span> <span class='ocrx_word' id='word_1_102' title='bbox 405 2196 545 2247; x_wconf 78' lang='lat' dir='ltr'><strong>Abrabami.</strong></span> <span class='ocrx_word' id='word_1_103' title='bbox 562 2198 626 2263; x_wconf 90' lang='lat' dir='ltr'><strong>apud</strong></span> <span class='ocrx_word' id='word_1_104' title='bbox 641 2199 703 2248; x_wconf 90' lang='lat' dir='ltr'><strong>Nos-</strong></span> 
     </span>
     <span class='ocr_line' id='line_1_21' title="bbox 207 2269 703 2338; baseline 0 -16"><span class='ocrx_word' id='word_1_105' title='bbox 207 2280 270 2322; x_wconf 82' lang='lat' dir='ltr'><strong>trum</strong></span> <span class='ocrx_word' id='word_1_106' title='bbox 287 2287 381 2338; x_wconf 83' lang='lat' dir='ltr'><strong>quoqne</strong></span> <span class='ocrx_word' id='word_1_107' title='bbox 397 2269 441 2321; x_wconf 90' lang='lat' dir='ltr'><strong>lib.</strong></span> <span class='ocrx_word' id='word_1_108' title='bbox 459 2273 507 2322; x_wconf 79' lang='lat' dir='ltr'><strong>riv.</strong></span> <span class='ocrx_word' id='word_1_109' title='bbox 523 2273 626 2322; x_wconf 81' lang='lat' dir='ltr'><strong>Metam.</strong></span> <span class='ocrx_word' id='word_1_110' title='bbox 644 2275 703 2323; x_wconf 92' lang='grc'><strong>777.</strong></span> 
     </span>
     <span class='ocr_line' id='line_1_22' title="bbox 206 2344 704 2411; baseline 0.002 -15"><span class='ocrx_word' id='word_1_111' title='bbox 206 2345 306 2411; x_wconf 75' lang='lat' dir='ltr'><strong>quium</strong></span> <span class='ocrx_word' id='word_1_112' title='bbox 316 2345 411 2395; x_wconf 86' lang='lat' dir='ltr'><strong>codices</strong></span> <span class='ocrx_word' id='word_1_113' title='bbox 420 2344 510 2395; x_wconf 82' lang='lat' dir='ltr'><strong>habent</strong></span> <span class='ocrx_word' id='word_1_114' title='bbox 520 2349 599 2403; x_wconf 78' lang='lat' dir='ltr'><strong>edidit,</strong></span> <span class='ocrx_word' id='word_1_115' title='bbox 610 2346 651 2395; x_wconf 87' lang='lat' dir='ltr'><strong>sed</strong></span> <span class='ocrx_word' id='word_1_116' title='bbox 662 2363 704 2397; x_wconf 90' lang='lat' dir='ltr'><strong>uos</strong></span> 
     </span>
     <span class='ocr_line' id='line_1_23' title="bbox 206 2418 702 2485; baseline -0.004 -15"><span class='ocrx_word' id='word_1_117' title='bbox 206 2418 324 2470; x_wconf 74' lang='lat' dir='ltr'><strong>ibimuit</strong></span> <span class='ocrx_word' id='word_1_118' title='bbox 334 2418 472 2468; x_wconf 79' lang='lat' dir='ltr'><strong>retinemus.</strong></span> <span class='ocrx_word' id='word_1_119' title='bbox 483 2429 507 2468; x_wconf 89' lang='lat' dir='ltr'><strong>et</strong></span> <span class='ocrx_word' id='word_1_120' title='bbox 519 2420 582 2485; x_wconf 84' lang='lat' dir='ltr'><strong>spud</strong></span> <span class='ocrx_word' id='word_1_121' title='bbox 593 2419 702 2469; x_wconf 88' lang='lat' dir='ltr'><strong>Ciceron.</strong></span> 
     </span>
     <span class='ocr_line' id='line_1_24' title="bbox 207 2492 704 2559; baseline 0 -17"><span class='ocrx_word' id='word_1_122' title='bbox 207 2508 249 2559; x_wconf 82' lang='lat' dir='ltr'><strong>pro</strong></span> <span class='ocrx_word' id='word_1_123' title='bbox 259 2492 349 2542; x_wconf 68' lang='lat' dir='ltr'><strong>Pisum</strong></span> <span class='ocrx_word' id='word_1_124' title='bbox 366 2493 409 2542; x_wconf 75' lang='grc'><strong>37.</strong></span> <span class='ocrx_word' id='word_1_125' title='bbox 439 2493 485 2547; x_wconf 80' lang='lat' dir='ltr'><strong>Qui</strong></span> <span class='ocrx_word' id='word_1_126' title='bbox 492 2509 535 2555; x_wconf 87' lang='lat' dir='ltr'><strong>pro</strong></span> <span class='ocrx_word' id='word_1_127' title='bbox 545 2495 623 2556; x_wconf 77' lang='lat' dir='ltr'><strong>repub·</strong></span> <span class='ocrx_word' id='word_1_128' title='bbox 635 2497 704 2542; x_wconf 82' lang='lat' dir='ltr'><strong>vitum</strong></span> 
     </span>
     <span class='ocr_line' id='line_1_25' title="bbox 203 2565 704 2627; baseline 0 -9"><span class='ocrx_word' id='word_1_129' title='bbox 203 2569 337 2624; x_wconf 59' lang='lat' dir='ltr'><strong>dms.</strong></span> <span class='ocrx_word' id='word_1_130' title='bbox 354 2565 400 2627; x_wconf 59' lang='lat' dir='ltr'><strong>ubi,</strong></span> <span class='ocrx_word' id='word_1_131' title='bbox 415 2565 457 2615; x_wconf 78' lang='lat' dir='ltr'><strong>alii</strong></span> <span class='ocrx_word' id='word_1_132' title='bbox 476 2570 596 2625; x_wconf 76' lang='lat' dir='ltr'><strong>dederunt,</strong></span> <span class='ocrx_word' id='word_1_133' title='bbox 613 2571 704 2618; x_wconf 84' lang='lat' dir='ltr'><strong>dedide-</strong></span> 
     </span>
     <span class='ocr_line' id='line_1_26' title="bbox 208 2640 564 2699; baseline -0.006 -6"><span class='ocrx_word' id='word_1_134' title='bbox 208 2640 273 2699; x_wconf 64' lang='lat' dir='ltr'><strong>nst.</strong></span> <span class='ocrx_word' id='word_1_135' title='bbox 283 2643 443 2691; x_wconf 65' lang='lat' dir='ltr'><strong>reddiderunt.</strong></span> <span class='ocrx_word' id='word_1_136' title='bbox 475 2642 564 2691; x_wconf 78' lang='lat' dir='ltr'><strong>Bessi.</strong></span> 
     </span>
    </p>

    <p class='ocr_par' dir='ltr' id='par_1_10' title="bbox 195 2713 706 4251">
     <span class='ocr_line' id='line_1_27' title="bbox 202 2713 703 2778; baseline 0.006 -15"><span class='ocrx_word' id='word_1_137' title='bbox 202 2758 205 2763; x_wconf 94' lang='lat'>.</span> <span class='ocrx_word' id='word_1_138' title='bbox 239 2716 281 2767; x_wconf 80' lang='grc'><strong>64.</strong></span> <span class='ocrx_word' id='word_1_139' title='bbox 303 2714 405 2778; x_wconf 76' lang='lat' dir='ltr'><strong>Populus</strong></span> <span class='ocrx_word' id='word_1_140' title='bbox 421 2713 497 2777; x_wconf 65' lang='lat' dir='ltr'><strong>sida]</strong></span> <span class='ocrx_word' id='word_1_141' title='bbox 528 2716 595 2764; x_wconf 77' lang='lat' dir='ltr'><strong>Alme</strong></span> <span class='ocrx_word' id='word_1_142' title='bbox 616 2716 703 2766; x_wconf 88' lang='lat' dir='ltr'><strong>Putea·</strong></span> 
     </span>
     <span class='ocr_line' id='line_1_28' title="bbox 206 2787 704 2854; baseline -0.002 -13"><span class='ocrx_word' id='word_1_143' title='bbox 206 2804 275 2841; x_wconf 72' lang='lat' dir='ltr'><strong>usu.</strong></span> <span class='ocrx_word' id='word_1_144' title='bbox 290 2787 334 2839; x_wconf 85' lang='lat' dir='ltr'><strong>sed</strong></span> <span class='ocrx_word' id='word_1_145' title='bbox 351 2787 386 2838; x_wconf 85' lang='lat' dir='ltr'><strong>nil</strong></span> <span class='ocrx_word' id='word_1_146' title='bbox 402 2797 477 2838; x_wconf 78' lang='lat' dir='ltr'><strong>muta.</strong></span> <span class='ocrx_word' id='word_1_147' title='bbox 498 2789 610 2854; x_wconf 78' lang='lat' dir='ltr'><strong>superiori</strong></span> <span class='ocrx_word' id='word_1_148' title='bbox 627 2807 704 2848; x_wconf 85' lang='lat' dir='ltr'><strong>versu,</strong></span> 
     </span>
     <span class='ocr_line' id='line_1_29' title="bbox 206 2863 704 2928; baseline 0 -16"><span class='ocrx_word' id='word_1_149' title='bbox 206 2873 283 2928; x_wconf 57' lang='lat' dir='ltr'><strong>syrte</strong></span> <span class='ocrx_word' id='word_1_150' title='bbox 297 2864 413 2919; x_wconf 83' lang='lat' dir='ltr'><strong>redimire,</strong></span> <span class='ocrx_word' id='word_1_151' title='bbox 426 2878 469 2928; x_wconf 89' lang='lat' dir='ltr'><strong>pro</strong></span> <span class='ocrx_word' id='word_1_152' title='bbox 485 2867 554 2911; x_wconf 85' lang='lat' dir='ltr'><strong>mitra</strong></span> <span class='ocrx_word' id='word_1_153' title='bbox 569 2863 630 2912; x_wconf 89' lang='lat' dir='ltr'><strong>liber</strong></span> <span class='ocrx_word' id='word_1_154' title='bbox 645 2865 704 2913; x_wconf 84' lang='lat' dir='ltr'><strong>Hel·</strong></span> 
     </span>
     <span class='ocr_line' id='line_1_30' title="bbox 207 2934 703 3002; baseline -0.004 -15"><span class='ocrx_word' id='word_1_155' title='bbox 207 2934 305 2993; x_wconf 69' lang='lat' dir='ltr'><strong>riensis,</strong></span> <span class='ocrx_word' id='word_1_156' title='bbox 316 2945 344 2985; x_wconf 88' lang='lat' dir='ltr'><strong>ut</strong></span> <span class='ocrx_word' id='word_1_157' title='bbox 360 2935 461 3001; x_wconf 87' lang='lat' dir='ltr'><strong>populus</strong></span> <span class='ocrx_word' id='word_1_158' title='bbox 476 2944 553 3000; x_wconf 72' lang='lat' dir='ltr'><strong>myrto</strong></span> <span class='ocrx_word' id='word_1_159' title='bbox 562 2944 703 3002; x_wconf 82' lang='lat' dir='ltr'><strong>opponatur.</strong></span> 
     </span>
     <span class='ocr_line' id='line_1_31' title="bbox 207 3008 703 3075; baseline -0.006 -13"><span class='ocrx_word' id='word_1_160' title='bbox 207 3008 339 3063; x_wconf 62' lang='lat' dir='ltr'><strong>Haustus.</strong></span> <span class='ocrx_word' id='word_1_161' title='bbox 358 3008 407 3058; x_wconf 78' lang='lat' dir='ltr'><strong>Sed</strong></span> <span class='ocrx_word' id='word_1_162' title='bbox 417 3012 486 3057; x_wconf 83' lang='lat' dir='ltr'><strong>mitra</strong></span> <span class='ocrx_word' id='word_1_163' title='bbox 495 3011 593 3075; x_wconf 88' lang='lat' dir='ltr'><strong>probum</strong></span> <span class='ocrx_word' id='word_1_164' title='bbox 603 3019 647 3058; x_wconf 84' lang='lat' dir='ltr'><strong>est.</strong></span> <span class='ocrx_word' id='word_1_165' title='bbox 655 3010 703 3059; x_wconf 76' lang='lat' dir='ltr'><strong>vid.</strong></span> 
     </span>
     <span class='ocr_line' id='line_1_32' title="bbox 206 3081 704 3133; baseline -0.002 0"><span class='ocrx_word' id='word_1_166' title='bbox 206 3082 374 3133; x_wconf 66' lang='lat' dir='ltr'><strong>Semnan.</strong></span> <span class='ocrx_word' id='word_1_167' title='bbox 382 3081 432 3131; x_wconf 83' lang='lat' dir='ltr'><strong>OEt.</strong></span> <span class='ocrx_word' id='word_1_168' title='bbox 442 3084 499 3132; x_wconf 79' lang='lat'><strong>³7⁵.</strong></span> <span class='ocrx_word' id='word_1_169' title='bbox 507 3091 532 3131; x_wconf 87' lang='lat' dir='ltr'><strong>et</strong></span> <span class='ocrx_word' id='word_1_170' title='bbox 540 3083 637 3131; x_wconf 83' lang='lat' dir='ltr'><strong>Furent.</strong></span> <span class='ocrx_word' id='word_1_171' title='bbox 647 3085 704 3132; x_wconf 77' lang='lat'><strong>471.</strong></span> 
     </span>
     <span class='ocr_line' id='line_1_33' title="bbox 209 3155 703 3219; baseline -0.004 -13"><span class='ocrx_word' id='word_1_172' title='bbox 209 3155 315 3206; x_wconf 57' lang='lat' dir='ltr'><strong>asten</strong></span> <span class='ocrx_word' id='word_1_173' title='bbox 324 3157 417 3218; x_wconf 75' lang='lat' dir='ltr'><strong>capillos</strong></span> <span class='ocrx_word' id='word_1_174' title='bbox 432 3170 527 3219; x_wconf 87' lang='lat' dir='ltr'><strong>quoque</strong></span> <span class='ocrx_word' id='word_1_175' title='bbox 543 3155 703 3212; x_wconf 76' lang='lat' dir='ltr'><strong>lovaniensis,</strong></span> 
     </span>
     <span class='ocr_line' id='line_1_34' title="bbox 207 3227 704 3297; baseline 0 -18"><span class='ocrx_word' id='word_1_176' title='bbox 207 3229 273 3297; x_wconf 83' lang='lat' dir='ltr'><strong>quod</strong></span> <span class='ocrx_word' id='word_1_177' title='bbox 279 3227 495 3297; x_wconf 74' lang='lat' dir='ltr'><strong>nisiprsscessisset,</strong></span> <span class='ocrx_word' id='word_1_178' title='bbox 503 3228 639 3294; x_wconf 87' lang='lat' dir='ltr'><strong>reciperem.</strong></span> <span class='ocrx_word' id='word_1_179' title='bbox 649 3246 704 3279; x_wconf 87' lang='lat' dir='ltr'><strong>uam</strong></span> 
     </span>
     <span class='ocr_line' id='line_1_35' title="bbox 207 3301 704 3372; baseline 0 -18"><span class='ocrx_word' id='word_1_180' title='bbox 207 3303 327 3372; x_wconf 82' lang='lat' dir='ltr'><strong>proprium</strong></span> <span class='ocrx_word' id='word_1_181' title='bbox 336 3302 362 3352; x_wconf 87' lang='lat' dir='ltr'><strong>in</strong></span> <span class='ocrx_word' id='word_1_182' title='bbox 369 3301 414 3352; x_wconf 81' lang='lat' dir='ltr'><strong>hec</strong></span> <span class='ocrx_word' id='word_1_183' title='bbox 423 3318 449 3351; x_wconf 87' lang='lat' dir='ltr'><strong>re</strong></span> <span class='ocrx_word' id='word_1_184' title='bbox 459 3303 558 3351; x_wconf 85' lang='lat' dir='ltr'><strong>verbum</strong></span> <span class='ocrx_word' id='word_1_185' title='bbox 568 3318 618 3351; x_wconf 87' lang='lat' dir='ltr'><strong>esse</strong></span> <span class='ocrx_word' id='word_1_186' title='bbox 626 3313 704 3354; x_wconf 88' lang='lat' dir='ltr'><strong>osten-</strong></span> 
     </span>
     <span class='ocr_line' id='line_1_36' title="bbox 207 3376 705 3429; baseline -0.002 -1"><span class='ocrx_word' id='word_1_187' title='bbox 207 3378 245 3429; x_wconf 90' lang='lat' dir='ltr'><strong>dit</strong></span> <span class='ocrx_word' id='word_1_188' title='bbox 258 3377 409 3428; x_wconf 85' lang='lat' dir='ltr'><strong>doctissimus</strong></span> <span class='ocrx_word' id='word_1_189' title='bbox 425 3376 507 3425; x_wconf 88' lang='lat' dir='ltr'><strong>Bentl.</strong></span> <span class='ocrx_word' id='word_1_190' title='bbox 524 3377 555 3425; x_wconf 83' lang='lat' dir='ltr'><strong>ad</strong></span> <span class='ocrx_word' id='word_1_191' title='bbox 572 3377 655 3426; x_wconf 84' lang='lat' dir='ltr'><strong>Horat.</strong></span> <span class='ocrx_word' id='word_1_192' title='bbox 671 3379 705 3427; x_wconf 90' lang='lat' dir='ltr'><strong>iii.</strong></span> 
     </span>
     <span class='ocr_line' id='line_1_37' title="bbox 199 3450 705 3503; baseline 0.008 -4"><span class='ocrx_word' id='word_1_193' title='bbox 199 3453 257 3503; x_wconf 70' lang='lat' dir='ltr'><strong>,Oti</strong></span> <span class='ocrx_word' id='word_1_194' title='bbox 267 3454 307 3502; x_wconf 80' lang='lat'><strong>14.</strong></span> <span class='ocrx_word' id='word_1_195' title='bbox 317 3459 343 3502; x_wconf 87' lang='lat' dir='ltr'><strong>et</strong></span> <span class='ocrx_word' id='word_1_196' title='bbox 353 3450 408 3501; x_wconf 84' lang='lat' dir='ltr'><strong>ride</strong></span> <span class='ocrx_word' id='word_1_197' title='bbox 420 3452 450 3500; x_wconf 85' lang='lat' dir='ltr'><strong>ad</strong></span> <span class='ocrx_word' id='word_1_198' title='bbox 461 3451 504 3500; x_wconf 90' lang='lat' dir='ltr'><strong>lib.</strong></span> <span class='ocrx_word' id='word_1_199' title='bbox 517 3469 539 3501; x_wconf 88' lang='lat' dir='ltr'><strong>v.</strong></span> <span class='ocrx_word' id='word_1_200' title='bbox 551 3452 653 3501; x_wconf 86' lang='lat' dir='ltr'><strong>Metam.</strong></span> <span class='ocrx_word' id='word_1_201' title='bbox 665 3456 705 3503; x_wconf 83' lang='grc'><strong>53.</strong></span> 
     </span>
     <span class='ocr_line' id='line_1_38' title="bbox 205 3524 704 3591; baseline -0.002 -13"><span class='ocrx_word' id='word_1_202' title='bbox 205 3524 252 3578; x_wconf 75' lang='lat' dir='ltr'><strong>sed</strong></span> <span class='ocrx_word' id='word_1_203' title='bbox 260 3529 368 3585; x_wconf 64' lang='lat' dir='ltr'><strong>edimus</strong></span> <span class='ocrx_word' id='word_1_204' title='bbox 378 3525 450 3575; x_wconf 82' lang='lat' dir='ltr'><strong>etism</strong></span> <span class='ocrx_word' id='word_1_205' title='bbox 459 3526 558 3591; x_wconf 84' lang='lat' dir='ltr'><strong>proprie,</strong></span> <span class='ocrx_word' id='word_1_206' title='bbox 568 3525 625 3589; x_wconf 87' lang='lat' dir='ltr'><strong>quia</strong></span> <span class='ocrx_word' id='word_1_207' title='bbox 632 3531 704 3577; x_wconf 78' lang='lat' dir='ltr'><strong>mitre</strong></span> 
     </span>
     <span class='ocr_line' id='line_1_39' title="bbox 207 3598 705 3663; baseline 0.002 -15"><span class='ocrx_word' id='word_1_208' title='bbox 207 3598 297 3653; x_wconf 61' lang='lat' dir='ltr'><strong>went</strong></span> <span class='ocrx_word' id='word_1_209' title='bbox 311 3601 455 3655; x_wconf 77' lang='lat' dir='ltr'><strong>redimiculo,</strong></span> <span class='ocrx_word' id='word_1_210' title='bbox 467 3608 493 3648; x_wconf 90' lang='lat' dir='ltr'><strong>ut</strong></span> <span class='ocrx_word' id='word_1_211' title='bbox 509 3599 624 3663; x_wconf 75' lang='lat' dir='ltr'><strong>Virgilius</strong></span> <span class='ocrx_word' id='word_1_212' title='bbox 640 3602 705 3649; x_wconf 82' lang='lat' dir='ltr'><strong>canit</strong></span> 
     </span>
     <span class='ocr_line' id='line_1_40' title="bbox 198 3671 705 3738; baseline -0.008 -12"><span class='ocrx_word' id='word_1_213' title='bbox 198 3671 288 3725; x_wconf 62' lang='lat' dir='ltr'><strong>‚libne</strong></span> <span class='ocrx_word' id='word_1_214' title='bbox 295 3674 352 3724; x_wconf 84' lang='grc'><strong>616.</strong></span> <span class='ocrx_word' id='word_1_215' title='bbox 363 3671 466 3723; x_wconf 85' lang='lat' dir='ltr'><strong>ubivide</strong></span> <span class='ocrx_word' id='word_1_216' title='bbox 475 3672 621 3738; x_wconf 80' lang='lat' dir='ltr'><strong>interpretes.</strong></span> <span class='ocrx_word' id='word_1_217' title='bbox 638 3676 705 3722; x_wconf 82' lang='lat' dir='ltr'><strong>Alma</strong></span> 
     </span>
     <span class='ocr_line' id='line_1_41' title="bbox 207 3745 705 3814; baseline -0.004 -15"><span class='ocrx_word' id='word_1_218' title='bbox 207 3745 281 3799; x_wconf 73' lang='lat' dir='ltr'><strong>etim</strong></span> <span class='ocrx_word' id='word_1_219' title='bbox 295 3747 398 3814; x_wconf 81' lang='lat' dir='ltr'><strong>populus</strong></span> <span class='ocrx_word' id='word_1_220' title='bbox 414 3762 446 3796; x_wconf 82' lang='lat' dir='ltr'><strong>en</strong></span> <span class='ocrx_word' id='word_1_221' title='bbox 464 3745 512 3795; x_wconf 88' lang='lat' dir='ltr'><strong>diei</strong></span> <span class='ocrx_word' id='word_1_222' title='bbox 527 3755 599 3811; x_wconf 77' lang='lat' dir='ltr'><strong>queat</strong></span> <span class='ocrx_word' id='word_1_223' title='bbox 614 3747 705 3805; x_wconf 87' lang='lat' dir='ltr'><strong>dubito,</strong></span> 
     </span>
     <span class='ocr_line' id='line_1_42' title="bbox 206 3819 704 3886; baseline 0 -16"><span class='ocrx_word' id='word_1_224' title='bbox 206 3835 264 3881; x_wconf 69' lang='lat' dir='ltr'><strong>cum</strong></span> <span class='ocrx_word' id='word_1_225' title='bbox 276 3819 323 3870; x_wconf 79' lang='lat' dir='ltr'><strong>hoe</strong></span> <span class='ocrx_word' id='word_1_226' title='bbox 335 3819 466 3886; x_wconf 79' lang='lat' dir='ltr'><strong>epithetum</strong></span> <span class='ocrx_word' id='word_1_227' title='bbox 482 3820 575 3886; x_wconf 83' lang='lat' dir='ltr'><strong>proprie</strong></span> <span class='ocrx_word' id='word_1_228' title='bbox 592 3820 617 3869; x_wconf 87' lang='lat' dir='ltr'><strong>in</strong></span> <span class='ocrx_word' id='word_1_229' title='bbox 632 3820 704 3886; x_wconf 77' lang='lat' dir='ltr'><strong>frngi-</strong></span> 
     </span>
     <span class='ocr_line' id='line_1_43' title="bbox 195 3894 704 3953; baseline -0.006 -6"><span class='ocrx_word' id='word_1_230' title='bbox 195 3894 447 3949; x_wconf 64' lang='lat' dir='ltr'><strong>hsssrboresmnde</strong></span> <span class='ocrx_word' id='word_1_231' title='bbox 455 3895 568 3944; x_wconf 78' lang='lat' dir='ltr'><strong>elimenta</strong></span> <span class='ocrx_word' id='word_1_232' title='bbox 575 3905 639 3953; x_wconf 83' lang='lat' dir='ltr'><strong>sunt.</strong></span> <span class='ocrx_word' id='word_1_233' title='bbox 649 3912 704 3945; x_wconf 90' lang='lat' dir='ltr'><strong>cou-</strong></span> 
     </span>
     <span class='ocr_line' id='line_1_44' title="bbox 200 3967 706 4035; baseline 0.002 -17"><span class='ocrx_word' id='word_1_234' title='bbox 200 3967 298 4021; x_wconf 54' lang='grc' dir='ltr'><strong>κούκ.</strong></span> <span class='ocrx_word' id='word_1_235' title='bbox 325 3968 387 4018; x_wconf 73' lang='lat' dir='ltr'><strong>Atti</strong></span> <span class='ocrx_word' id='word_1_236' title='bbox 399 3985 454 4019; x_wconf 88' lang='lat' dir='ltr'><strong>rere</strong></span> <span class='ocrx_word' id='word_1_237' title='bbox 468 3969 577 4034; x_wconf 84' lang='lat' dir='ltr'><strong>populus,</strong></span> <span class='ocrx_word' id='word_1_238' title='bbox 588 3970 645 4035; x_wconf 83' lang='lat' dir='ltr'><strong>quie</strong></span> <span class='ocrx_word' id='word_1_239' title='bbox 655 3970 706 4034; x_wconf 86' lang='lat' dir='ltr'><strong>ejus</strong></span> 
     </span>
     <span class='ocr_line' id='line_1_45' title="bbox 206 4040 706 4101; baseline 0.002 -8"><span class='ocrx_word' id='word_1_240' title='bbox 206 4040 265 4093; x_wconf 63' lang='lat' dir='ltr'>ffi</span> <span class='ocrx_word' id='word_1_241' title='bbox 287 4040 403 4094; x_wconf 71' lang='lat' dir='ltr'><strong>interim</strong></span> <span class='ocrx_word' id='word_1_242' title='bbox 429 4052 483 4093; x_wconf 83' lang='lat' dir='ltr'><strong>sunt</strong></span> <span class='ocrx_word' id='word_1_243' title='bbox 502 4043 566 4101; x_wconf 75' lang='lat' dir='ltr'><strong>elbo,</strong></span> <span class='ocrx_word' id='word_1_244' title='bbox 586 4054 612 4094; x_wconf 91' lang='lat' dir='ltr'><strong>nt</strong></span> <span class='ocrx_word' id='word_1_245' title='bbox 638 4054 706 4094; x_wconf 87' lang='lat' dir='ltr'><strong>vetus</strong></span> 
     </span>
     <span class='ocr_line' id='line_1_46' title="bbox 197 4115 704 4177; baseline -0.004 -7"><span class='ocrx_word' id='word_1_246' title='bbox 197 4115 351 4177; x_wconf 59' lang='lat' dir='ltr'><strong>,We</strong></span> <span class='ocrx_word' id='word_1_247' title='bbox 371 4116 441 4168; x_wconf 82' lang='lat' dir='ltr'><strong>docet</strong></span> <span class='ocrx_word' id='word_1_248' title='bbox 456 4117 487 4168; x_wconf 77' lang='lat' dir='ltr'><strong>sd</strong></span> <span class='ocrx_word' id='word_1_249' title='bbox 507 4118 550 4168; x_wconf 84' lang='lat' dir='ltr'><strong>ille</strong></span> <span class='ocrx_word' id='word_1_250' title='bbox 567 4119 659 4169; x_wconf 83' lang='lat' dir='ltr'><strong>Horatii</strong></span> <span class='ocrx_word' id='word_1_251' title='bbox 678 4120 704 4168; x_wconf 89' lang='lat' dir='ltr'><strong>ii.</strong></span> 
     </span>
     <span class='ocr_line' id='line_1_47' title="bbox 197 4188 296 4251; baseline -0.081 0"><span class='ocrx_word' id='word_1_252' title='bbox 197 4188 258 4251; x_wconf 64' lang='lat' dir='ltr'><strong>-ffls</strong></span> <span class='ocrx_word' id='word_1_253' title='bbox 268 4190 296 4243; x_wconf 77' lang='lat'><strong>8.</strong></span> 
     </span>
    </p>

    <p class='ocr_par' dir='ltr' id='par_1_11' title="bbox 237 4270 355 4325">
     <span class='ocr_line' id='line_1_48' title="bbox 237 4270 355 4325; baseline -0.034 0"><span class='ocrx_word' id='word_1_254' title='bbox 237 4270 318 4325; x_wconf 75' lang='lat' dir='ltr'><strong>vot..</strong></span> <span class='ocrx_word' id='word_1_255' title='bbox 328 4271 355 4322; x_wconf 87' lang='lat'><strong>1.</strong></span> 
     </span>
    </p>
   </div>
   <div class='ocr_carea' id='block_1_9' title="bbox 1200 1610 1249 1677">
    <p class='ocr_par' dir='ltr' id='par_1_12' title="bbox 1200 1610 1249 1677">
     <span class='ocr_line' id='line_1_49' title="bbox 1200 1610 1249 1677; baseline 0.02 -1"><span class='ocrx_word' id='word_1_256' title='bbox 1200 1610 1249 1677; x_wconf 88' lang='lat'><strong>70</strong></span> 
     </span>
    </p>
   </div>
   <div class='ocr_carea' id='block_1_10' title="bbox 753 1747 1251 4249">
    <p class='ocr_par' dir='ltr' id='par_1_13' title="bbox 788 1747 1226 1822">
     <span class='ocr_line' id='line_1_50' title="bbox 788 1747 1226 1822; baseline 0.005 -17"><span class='ocrx_word' id='word_1_257' title='bbox 788 1757 840 1810; x_wconf 83' lang='lat' dir='ltr'><strong>Quo</strong></span> <span class='ocrx_word' id='word_1_258' title='bbox 848 1747 917 1821; x_wconf 80' lang='lat' dir='ltr'><strong>pirrus</strong></span> <span class='ocrx_word' id='word_1_259' title='bbox 926 1760 1016 1822; x_wconf 80' lang='lat' dir='ltr'><strong>ingens,</strong></span> <span class='ocrx_word' id='word_1_260' title='bbox 1026 1759 1122 1821; x_wconf 70' lang='lat' dir='ltr'><strong>ollaque</strong></span> <span class='ocrx_word' id='word_1_261' title='bbox 1128 1760 1226 1821; x_wconf 79' lang='lat' dir='ltr'><strong>populus</strong></span> 
     </span>
    </p>

    <p class='ocr_par' dir='ltr' id='par_1_14' title="bbox 753 1831 1249 2042">
     <span class='ocr_line' id='line_1_51' title="bbox 788 1831 1249 1896; baseline 0.009 -18"><span class='ocrx_word' id='word_1_262' title='bbox 788 1831 1033 1896; x_wconf 77' lang='lat' dir='ltr'><strong>Umdromlospitoiers</strong></span> <span class='ocrx_word' id='word_1_263' title='bbox 1040 1834 1249 1882; x_wconf 77' lang='lat' dir='ltr'><strong>esusocicrscrrreitt</strong></span> 
     </span>
     <span class='ocr_line' id='line_1_52' title="bbox 768 1901 935 1966; baseline 0.006 -15"><span class='ocrx_word' id='word_1_264' title='bbox 768 1962 769 1966; x_wconf 10' lang='grc' dir='ltr'><strong>Ἰ</strong></span> <span class='ocrx_word' id='word_1_265' title='bbox 817 1904 904 1953; x_wconf 64' lang='lat' dir='ltr'><strong>Remis</strong></span> <span class='ocrx_word' id='word_1_266' title='bbox 933 1901 935 1904; x_wconf 37' lang='lat'><strong><em>¹</em></strong></span> 
     </span>
     <span class='ocr_line' id='line_1_53' title="bbox 753 1975 1006 2042; baseline 0.004 -17"><span class='ocrx_word' id='word_1_267' title='bbox 753 1975 867 2041; x_wconf 78' lang='lat' dir='ltr'><strong>Virgilius</strong></span> <span class='ocrx_word' id='word_1_268' title='bbox 876 1978 961 2042; x_wconf 77' lang='lat' dir='ltr'><strong>Eclog.</strong></span> <span class='ocrx_word' id='word_1_269' title='bbox 972 1978 1006 2027; x_wconf 86' lang='lat' dir='ltr'><strong>ix.</strong></span> 
     </span>
    </p>

    <p class='ocr_par' dir='ltr' id='par_1_15' title="bbox 816 2051 1217 2114">
     <span class='ocr_line' id='line_1_54' title="bbox 816 2051 1217 2114; baseline 0.005 -16"><span class='ocrx_word' id='word_1_270' title='bbox 816 2051 929 2099; x_wconf 85' lang='lat' dir='ltr'><strong>——Hie</strong></span> <span class='ocrx_word' id='word_1_271' title='bbox 938 2052 1037 2099; x_wconf 81' lang='lat' dir='ltr'><strong>candido</strong></span> <span class='ocrx_word' id='word_1_272' title='bbox 1043 2052 1140 2114; x_wconf 69' lang='lat' dir='ltr'><strong>populis</strong></span> <span class='ocrx_word' id='word_1_273' title='bbox 1150 2060 1217 2100; x_wconf 73' lang='lat' dir='ltr'><strong>cutm</strong></span> 
     </span>
    </p>

    <p class='ocr_par' dir='ltr' id='par_1_16' title="bbox 753 2121 1250 3000">
     <span class='ocr_line' id='line_1_55' title="bbox 786 2121 1029 2175; baseline -0.033 -6"><span class='ocrx_word' id='word_1_274' title='bbox 786 2121 1029 2175; x_wconf 47' lang='lat' dir='ltr'><strong>immersu-...-</strong></span> 
     </span>
     <span class='ocr_line' id='line_1_56' title="bbox 754 2196 1250 2259; baseline 0.002 -12"><span class='ocrx_word' id='word_1_275' title='bbox 754 2197 845 2247; x_wconf 78' lang='lat' dir='ltr'><strong>Grrecis</strong></span> <span class='ocrx_word' id='word_1_276' title='bbox 870 2196 926 2248; x_wconf 87' lang='lat' dir='ltr'><strong>inde</strong></span> <span class='ocrx_word' id='word_1_277' title='bbox 951 2199 1037 2259; x_wconf 73' lang='grc' dir='ltr'><strong>λευκὴ,</strong></span> <span class='ocrx_word' id='word_1_278' title='bbox 1056 2207 1081 2247; x_wconf 88' lang='lat' dir='ltr'><strong>et</strong></span> <span class='ocrx_word' id='word_1_279' title='bbox 1106 2197 1250 2248; x_wconf 75' lang='lat' dir='ltr'><strong>nostratibus</strong></span> 
     </span>
     <span class='ocr_line' id='line_1_57' title="bbox 753 2271 1248 2338; baseline 0 -18"><span class='ocrx_word' id='word_1_280' title='bbox 753 2273 888 2322; x_wconf 84' lang='lat' dir='ltr'><strong>Wrrrsoorr.</strong></span> <span class='ocrx_word' id='word_1_281' title='bbox 905 2272 980 2338; x_wconf 71' lang='lat' dir='ltr'><strong>aptior</strong></span> <span class='ocrx_word' id='word_1_282' title='bbox 998 2282 1078 2333; x_wconf 77' lang='lat' dir='ltr'><strong>autem</strong></span> <span class='ocrx_word' id='word_1_283' title='bbox 1092 2272 1135 2320; x_wconf 88' lang='lat' dir='ltr'><strong>illa</strong></span> <span class='ocrx_word' id='word_1_284' title='bbox 1150 2271 1248 2321; x_wconf 88' lang='lat' dir='ltr'><strong>Herculi</strong></span> 
     </span>
     <span class='ocr_line' id='line_1_58' title="bbox 753 2343 1249 2412; baseline 0.002 -19"><span class='ocrx_word' id='word_1_285' title='bbox 753 2344 848 2403; x_wconf 85' lang='lat' dir='ltr'><strong>dicitur,</strong></span> <span class='ocrx_word' id='word_1_286' title='bbox 862 2344 919 2412; x_wconf 82' lang='lat' dir='ltr'><strong>quie</strong></span> <span class='ocrx_word' id='word_1_287' title='bbox 935 2362 965 2395; x_wconf 83' lang='lat' dir='ltr'><strong>ea</strong></span> <span class='ocrx_word' id='word_1_288' title='bbox 981 2355 1105 2394; x_wconf 83' lang='lat' dir='ltr'><strong>coronatus</strong></span> <span class='ocrx_word' id='word_1_289' title='bbox 1120 2347 1150 2393; x_wconf 77' lang='lat' dir='ltr'><strong>eb</strong></span> <span class='ocrx_word' id='word_1_290' title='bbox 1168 2343 1249 2394; x_wconf 83' lang='lat' dir='ltr'><strong>inseris</strong></span> 
     </span>
     <span class='ocr_line' id='line_1_59' title="bbox 754 2417 1249 2482; baseline 0 -15"><span class='ocrx_word' id='word_1_291' title='bbox 754 2419 831 2477; x_wconf 83' lang='lat' dir='ltr'><strong>rediit,</strong></span> <span class='ocrx_word' id='word_1_292' title='bbox 839 2429 899 2468; x_wconf 76' lang='lat' dir='ltr'><strong>teste</strong></span> <span class='ocrx_word' id='word_1_293' title='bbox 909 2419 990 2468; x_wconf 88' lang='lat' dir='ltr'><strong>Servio</strong></span> <span class='ocrx_word' id='word_1_294' title='bbox 1001 2419 1031 2468; x_wconf 82' lang='lat' dir='ltr'><strong>ad</strong></span> <span class='ocrx_word' id='word_1_295' title='bbox 1042 2418 1109 2482; x_wconf 79' lang='lat' dir='ltr'><strong>Virg.</strong></span> <span class='ocrx_word' id='word_1_296' title='bbox 1117 2417 1199 2481; x_wconf 83' lang='lat' dir='ltr'><strong>Eclog.</strong></span> <span class='ocrx_word' id='word_1_297' title='bbox 1207 2417 1249 2467; x_wconf 83' lang='lat' dir='ltr'><strong>vii.</strong></span> 
     </span>
     <span class='ocr_line' id='line_1_60' title="bbox 754 2491 1250 2557; baseline -0.004 -14"><span class='ocrx_word' id='word_1_298' title='bbox 754 2494 795 2543; x_wconf 88' lang='grc'><strong>61.</strong></span> <span class='ocrx_word' id='word_1_299' title='bbox 812 2494 853 2544; x_wconf 89' lang='lat' dir='ltr'><strong>ubi</strong></span> <span class='ocrx_word' id='word_1_300' title='bbox 872 2494 976 2543; x_wconf 78' lang='lat' dir='ltr'><strong>sabulum</strong></span> <span class='ocrx_word' id='word_1_301' title='bbox 991 2492 1021 2542; x_wconf 90' lang='lat' dir='ltr'><strong>de</strong></span> <span class='ocrx_word' id='word_1_302' title='bbox 1039 2492 1117 2540; x_wconf 88' lang='lat' dir='ltr'><strong>Leuce</strong></span> <span class='ocrx_word' id='word_1_303' title='bbox 1136 2491 1250 2557; x_wconf 79' lang='lat' dir='ltr'><strong>Nympha</strong></span> 
     </span>
     <span class='ocr_line' id='line_1_61' title="bbox 754 2563 1248 2617; baseline -0.004 -1"><span class='ocrx_word' id='word_1_304' title='bbox 754 2576 842 2617; x_wconf 82' lang='lat' dir='ltr'><strong>uermt.</strong></span> <span class='ocrx_word' id='word_1_305' title='bbox 859 2566 922 2616; x_wconf 75' lang='lat' dir='ltr'><strong>etad</strong></span> <span class='ocrx_word' id='word_1_306' title='bbox 934 2583 957 2615; x_wconf 86' lang='lat' dir='ltr'><strong>r.</strong></span> <span class='ocrx_word' id='word_1_307' title='bbox 976 2564 1073 2614; x_wconf 87' lang='lat' dir='ltr'><strong>AEneid.</strong></span> <span class='ocrx_word' id='word_1_308' title='bbox 1086 2564 1139 2613; x_wconf 76' lang='lat' dir='ltr'><strong>tet.</strong></span> <span class='ocrx_word' id='word_1_309' title='bbox 1155 2563 1248 2614; x_wconf 83' lang='lat' dir='ltr'><strong>Philar-</strong></span> 
     </span>
     <span class='ocr_line' id='line_1_62' title="bbox 753 2636 1248 2705; baseline -0.002 -16"><span class='ocrx_word' id='word_1_310' title='bbox 753 2640 834 2705; x_wconf 80' lang='lat' dir='ltr'><strong>gyrius</strong></span> <span class='ocrx_word' id='word_1_311' title='bbox 851 2638 953 2689; x_wconf 77' lang='lat' dir='ltr'><strong>veroid</strong></span> <span class='ocrx_word' id='word_1_312' title='bbox 970 2639 1039 2703; x_wconf 82' lang='lat' dir='ltr'><strong>Virg.</strong></span> <span class='ocrx_word' id='word_1_313' title='bbox 1056 2636 1082 2686; x_wconf 89' lang='lat' dir='ltr'><strong>ii.</strong></span> <span class='ocrx_word' id='word_1_314' title='bbox 1097 2636 1187 2702; x_wconf 77' lang='lat' dir='ltr'><strong>Georg.</strong></span> <span class='ocrx_word' id='word_1_315' title='bbox 1205 2637 1248 2688; x_wconf 88' lang='grc'><strong>67.</strong></span> 
     </span>
     <span class='ocr_line' id='line_1_63' title="bbox 753 2710 1249 2778; baseline -0.004 -14"><span class='ocrx_word' id='word_1_316' title='bbox 753 2715 847 2764; x_wconf 83' lang='lat' dir='ltr'><strong>ridetur</strong></span> <span class='ocrx_word' id='word_1_317' title='bbox 857 2725 937 2763; x_wconf 80' lang='lat' dir='ltr'><strong>notare</strong></span> <span class='ocrx_word' id='word_1_318' title='bbox 953 2713 1081 2762; x_wconf 84' lang='lat' dir='ltr'><strong>Hererdem</strong></span> <span class='ocrx_word' id='word_1_319' title='bbox 1094 2710 1174 2778; x_wconf 73' lang='lat' dir='ltr'><strong>palme</strong></span> <span class='ocrx_word' id='word_1_320' title='bbox 1183 2727 1249 2762; x_wconf 84' lang='lat' dir='ltr'><strong>roro-</strong></span> 
     </span>
     <span class='ocr_line' id='line_1_64' title="bbox 754 2783 1250 2851; baseline -0.004 -14"><span class='ocrx_word' id='word_1_321' title='bbox 754 2797 836 2837; x_wconf 86' lang='lat' dir='ltr'><strong>natum</strong></span> <span class='ocrx_word' id='word_1_322' title='bbox 847 2785 931 2835; x_wconf 86' lang='lat' dir='ltr'><strong>rediise</strong></span> <span class='ocrx_word' id='word_1_323' title='bbox 941 2787 967 2834; x_wconf 86' lang='lat' dir='ltr'><strong>in</strong></span> <span class='ocrx_word' id='word_1_324' title='bbox 977 2785 1069 2845; x_wconf 81' lang='lat' dir='ltr'><strong>lucem3</strong></span> <span class='ocrx_word' id='word_1_325' title='bbox 1079 2783 1121 2834; x_wconf 85' lang='lat' dir='ltr'><strong>sed</strong></span> <span class='ocrx_word' id='word_1_326' title='bbox 1130 2783 1187 2850; x_wconf 74' lang='lat' dir='ltr'><strong>puto</strong></span> <span class='ocrx_word' id='word_1_327' title='bbox 1198 2787 1250 2851; x_wconf 84' lang='lat' dir='ltr'><strong>ejus</strong></span> 
     </span>
     <span class='ocr_line' id='line_1_65' title="bbox 754 2857 1249 2916; baseline 0 -5"><span class='ocrx_word' id='word_1_328' title='bbox 754 2870 834 2911; x_wconf 84' lang='lat' dir='ltr'><strong>notam</strong></span> <span class='ocrx_word' id='word_1_329' title='bbox 844 2861 896 2909; x_wconf 92' lang='lat' dir='ltr'><strong>loco</strong></span> <span class='ocrx_word' id='word_1_330' title='bbox 912 2868 1008 2916; x_wconf 77' lang='lat' dir='ltr'><strong>motem,</strong></span> <span class='ocrx_word' id='word_1_331' title='bbox 1020 2867 1045 2908; x_wconf 89' lang='lat' dir='ltr'><strong>et</strong></span> <span class='ocrx_word' id='word_1_332' title='bbox 1056 2857 1203 2908; x_wconf 78' lang='lat' dir='ltr'><strong>referendam</strong></span> <span class='ocrx_word' id='word_1_333' title='bbox 1218 2861 1249 2911; x_wconf 80' lang='lat' dir='ltr'><strong>sd</strong></span> 
     </span>
     <span class='ocr_line' id='line_1_66' title="bbox 754 2932 1158 3000; baseline -0.012 -15"><span class='ocrx_word' id='word_1_334' title='bbox 754 2935 858 3000; x_wconf 84' lang='lat' dir='ltr'><strong>proxime</strong></span> <span class='ocrx_word' id='word_1_335' title='bbox 868 2932 1041 2999; x_wconf 77' lang='lat' dir='ltr'><strong>precedentem</strong></span> <span class='ocrx_word' id='word_1_336' title='bbox 1051 2948 1158 2982; x_wconf 85' lang='lat' dir='ltr'><strong>versum:</strong></span> 
     </span>
    </p>

    <p class='ocr_par' dir='ltr' id='par_1_17' title="bbox 753 3005 1251 3740">
     <span class='ocr_line' id='line_1_67' title="bbox 787 3005 1238 3071; baseline 0 -14"><span class='ocrx_word' id='word_1_337' title='bbox 787 3009 947 3071; x_wconf 68' lang='lat' dir='ltr'><strong>annletrsne</strong></span> <span class='ocrx_word' id='word_1_338' title='bbox 957 3009 1020 3056; x_wconf 77' lang='lat' dir='ltr'><strong>arbos</strong></span> <span class='ocrx_word' id='word_1_339' title='bbox 1030 3008 1133 3055; x_wconf 72' lang='lat' dir='ltr'><strong>umbroso</strong></span> <span class='ocrx_word' id='word_1_340' title='bbox 1143 3005 1238 3057; x_wconf 73' lang='lat' dir='ltr'><strong>corone.</strong></span> 
     </span>
     <span class='ocr_line' id='line_1_68' title="bbox 755 3080 1247 3148; baseline -0.002 -16"><span class='ocrx_word' id='word_1_341' title='bbox 755 3082 825 3141; x_wconf 87' lang='lat' dir='ltr'><strong>Quod</strong></span> <span class='ocrx_word' id='word_1_342' title='bbox 835 3081 890 3131; x_wconf 87' lang='lat' dir='ltr'><strong>inde</strong></span> <span class='ocrx_word' id='word_1_343' title='bbox 899 3090 975 3148; x_wconf 79' lang='lat' dir='ltr'><strong>petet,</strong></span> <span class='ocrx_word' id='word_1_344' title='bbox 985 3081 1042 3146; x_wconf 83' lang='lat' dir='ltr'><strong>quie</strong></span> <span class='ocrx_word' id='word_1_345' title='bbox 1052 3080 1082 3130; x_wconf 92' lang='lat' dir='ltr'><strong>de</strong></span> <span class='ocrx_word' id='word_1_346' title='bbox 1092 3080 1170 3129; x_wconf 88' lang='lat' dir='ltr'><strong>colore</strong></span> <span class='ocrx_word' id='word_1_347' title='bbox 1179 3082 1247 3131; x_wconf 79' lang='lat' dir='ltr'><strong>erbo-</strong></span> 
     </span>
     <span class='ocr_line' id='line_1_69' title="bbox 753 3145 1249 3220; baseline -0.004 -15"><span class='ocrx_word' id='word_1_348' title='bbox 753 3157 786 3205; x_wconf 91' lang='lat' dir='ltr'><strong>ris</strong></span> <span class='ocrx_word' id='word_1_349' title='bbox 801 3155 876 3212; x_wconf 89' lang='lat' dir='ltr'><strong>addit,</strong></span> <span class='ocrx_word' id='word_1_350' title='bbox 887 3154 951 3220; x_wconf 87' lang='lat' dir='ltr'><strong>quod</strong></span> <span class='ocrx_word' id='word_1_351' title='bbox 967 3145 1109 3219; x_wconf 73' lang='lat' dir='ltr'><strong>significaret</strong></span> <span class='ocrx_word' id='word_1_352' title='bbox 1124 3169 1150 3203; x_wconf 89' lang='lat' dir='ltr'><strong>se</strong></span> <span class='ocrx_word' id='word_1_353' title='bbox 1160 3169 1174 3202; x_wconf 91' lang='lat' dir='ltr'><strong>e</strong></span> <span class='ocrx_word' id='word_1_354' title='bbox 1184 3163 1249 3204; x_wconf 87' lang='lat' dir='ltr'><strong>tene·</strong></span> 
     </span>
     <span class='ocr_line' id='line_1_70' title="bbox 754 3226 1249 3279; baseline -0.004 0"><span class='ocrx_word' id='word_1_355' title='bbox 754 3229 802 3279; x_wconf 88' lang='lat' dir='ltr'><strong>bris</strong></span> <span class='ocrx_word' id='word_1_356' title='bbox 815 3229 842 3278; x_wconf 88' lang='lat' dir='ltr'><strong>in</strong></span> <span class='ocrx_word' id='word_1_357' title='bbox 861 3229 940 3278; x_wconf 90' lang='lat' dir='ltr'><strong>lucem</strong></span> <span class='ocrx_word' id='word_1_358' title='bbox 959 3243 1110 3278; x_wconf 71' lang='lat' dir='ltr'><strong>commeasse.</strong></span> <span class='ocrx_word' id='word_1_359' title='bbox 1141 3226 1249 3277; x_wconf 73' lang='lat' dir='ltr'><strong>Palmam</strong></span> 
     </span>
     <span class='ocr_line' id='line_1_71' title="bbox 755 3301 1249 3367; baseline -0.002 -14"><span class='ocrx_word' id='word_1_360' title='bbox 755 3321 810 3353; x_wconf 86' lang='lat' dir='ltr'><strong>vero</strong></span> <span class='ocrx_word' id='word_1_361' title='bbox 817 3305 923 3353; x_wconf 76' lang='lat' dir='ltr'><strong>arborem</strong></span> <span class='ocrx_word' id='word_1_362' title='bbox 939 3302 987 3353; x_wconf 74' lang='lat' dir='ltr'><strong>atti</strong></span> <span class='ocrx_word' id='word_1_363' title='bbox 998 3303 1082 3352; x_wconf 91' lang='lat' dir='ltr'><strong>coloris</strong></span> <span class='ocrx_word' id='word_1_364' title='bbox 1091 3301 1197 3352; x_wconf 81' lang='lat' dir='ltr'><strong>frondem</strong></span> <span class='ocrx_word' id='word_1_365' title='bbox 1208 3318 1249 3367; x_wconf 80' lang='lat' dir='ltr'><strong>ge·</strong></span> 
     </span>
     <span class='ocr_line' id='line_1_72' title="bbox 755 3376 1250 3444; baseline -0.002 -16"><span class='ocrx_word' id='word_1_366' title='bbox 755 3396 805 3429; x_wconf 91' lang='lat' dir='ltr'><strong>rere</strong></span> <span class='ocrx_word' id='word_1_367' title='bbox 815 3395 945 3444; x_wconf 84' lang='lat' dir='ltr'><strong>numquam</strong></span> <span class='ocrx_word' id='word_1_368' title='bbox 958 3378 1006 3443; x_wconf 74' lang='lat' dir='ltr'><strong>legi</strong></span> <span class='ocrx_word' id='word_1_369' title='bbox 1017 3379 1056 3427; x_wconf 83' lang='lat' dir='ltr'><strong>rel</strong></span> <span class='ocrx_word' id='word_1_370' title='bbox 1069 3376 1160 3428; x_wconf 70' lang='lat' dir='ltr'><strong>audivi.</strong></span> <span class='ocrx_word' id='word_1_371' title='bbox 1178 3376 1250 3427; x_wconf 83' lang='lat' dir='ltr'><strong>etiem</strong></span> 
     </span>
     <span class='ocr_line' id='line_1_73' title="bbox 755 3450 1250 3517; baseline -0.01 -13"><span class='ocrx_word' id='word_1_372' title='bbox 755 3457 837 3504; x_wconf 78' lang='lat' dir='ltr'><strong>bicolor</strong></span> <span class='ocrx_word' id='word_1_373' title='bbox 845 3456 949 3517; x_wconf 82' lang='lat' dir='ltr'><strong>populus,</strong></span> <span class='ocrx_word' id='word_1_374' title='bbox 960 3462 1057 3503; x_wconf 82' lang='lat' dir='ltr'><strong>notante</strong></span> <span class='ocrx_word' id='word_1_375' title='bbox 1069 3450 1158 3508; x_wconf 77' lang='lat' dir='ltr'><strong>servio,</strong></span> <span class='ocrx_word' id='word_1_376' title='bbox 1169 3451 1199 3500; x_wconf 86' lang='lat' dir='ltr'><strong>ab</strong></span> <span class='ocrx_word' id='word_1_377' title='bbox 1210 3466 1250 3500; x_wconf 89' lang='lat' dir='ltr'><strong>eo-</strong></span> 
     </span>
     <span class='ocr_line' id='line_1_74' title="bbox 754 3527 1251 3592; baseline -0.008 -15"><span class='ocrx_word' id='word_1_378' title='bbox 754 3529 810 3579; x_wconf 90' lang='lat' dir='ltr'><strong>dem</strong></span> <span class='ocrx_word' id='word_1_379' title='bbox 820 3531 920 3577; x_wconf 82' lang='lat' dir='ltr'><strong>lllsroue</strong></span> <span class='ocrx_word' id='word_1_380' title='bbox 930 3527 1031 3587; x_wconf 87' lang='lat' dir='ltr'><strong>dicitur;</strong></span> <span class='ocrx_word' id='word_1_381' title='bbox 1045 3535 1160 3592; x_wconf 73' lang='lat' dir='ltr'><strong>preterea</strong></span> <span class='ocrx_word' id='word_1_382' title='bbox 1169 3541 1251 3574; x_wconf 85' lang='lat' dir='ltr'><strong>omnes</strong></span> 
     </span>
     <span class='ocr_line' id='line_1_75' title="bbox 754 3599 1251 3667; baseline -0.008 -16"><span class='ocrx_word' id='word_1_383' title='bbox 754 3601 887 3667; x_wconf 75' lang='lat' dir='ltr'><strong>Mythologi</strong></span> <span class='ocrx_word' id='word_1_384' title='bbox 901 3617 948 3650; x_wconf 91' lang='lat' dir='ltr'><strong>nno</strong></span> <span class='ocrx_word' id='word_1_385' title='bbox 958 3616 997 3649; x_wconf 88' lang='lat' dir='ltr'><strong>ore</strong></span> <span class='ocrx_word' id='word_1_386' title='bbox 1008 3599 1038 3649; x_wconf 89' lang='lat' dir='ltr'><strong>de</strong></span> <span class='ocrx_word' id='word_1_387' title='bbox 1049 3599 1156 3665; x_wconf 84' lang='lat' dir='ltr'><strong>Populea</strong></span> <span class='ocrx_word' id='word_1_388' title='bbox 1165 3614 1251 3648; x_wconf 80' lang='lat' dir='ltr'><strong>corone</strong></span> 
     </span>
     <span class='ocr_line' id='line_1_76' title="bbox 754 3675 1014 3740; baseline 0 -18"><span class='ocrx_word' id='word_1_389' title='bbox 754 3675 891 3740; x_wconf 88' lang='lat' dir='ltr'><strong>loquuntur.</strong></span> <span class='ocrx_word' id='word_1_390' title='bbox 925 3675 1014 3722; x_wconf 75' lang='lat' dir='ltr'><strong>Burin.</strong></span> 
     </span>
    </p>

    <p class='ocr_par' dir='ltr' id='par_1_18' title="bbox 754 3746 1251 4249">
     <span class='ocr_line' id='line_1_77' title="bbox 786 3746 1250 3799; baseline -0.019 0"><span class='ocrx_word' id='word_1_391' title='bbox 786 3750 828 3799; x_wconf 63' lang='grc' dir='ltr'><strong>Θ.</strong></span> <span class='ocrx_word' id='word_1_392' title='bbox 846 3749 1015 3798; x_wconf 65' lang='lat' dir='ltr'><strong>strepuisse</strong></span> <span class='ocrx_word' id='word_1_393' title='bbox 1034 3750 1100 3796; x_wconf 80' lang='lat' dir='ltr'><strong>cuitu</strong></span> <span class='ocrx_word' id='word_1_394' title='bbox 1119 3746 1208 3794; x_wconf 76' lang='lat' dir='ltr'><strong>Busiris</strong></span> <span class='ocrx_word' id='word_1_395' title='bbox 1224 3746 1250 3791; x_wconf 81' lang='lat' dir='ltr'><strong>in</strong></span> 
     </span>
     <span class='ocr_line' id='line_1_78' title="bbox 754 3819 1251 3883; baseline -0.018 -10"><span class='ocrx_word' id='word_1_396' title='bbox 754 3826 804 3880; x_wconf 72' lang='lat' dir='ltr'><strong>ists,</strong></span> <span class='ocrx_word' id='word_1_397' title='bbox 816 3823 881 3872; x_wconf 80' lang='lat' dir='ltr'><strong>Huic</strong></span> <span class='ocrx_word' id='word_1_398' title='bbox 891 3825 963 3871; x_wconf 84' lang='lat' dir='ltr'><strong>vietor</strong></span> <span class='ocrx_word' id='word_1_399' title='bbox 974 3826 1032 3871; x_wconf 84' lang='lat' dir='ltr'><strong>uicto</strong></span> <span class='ocrx_word' id='word_1_400' title='bbox 1043 3837 1119 3883; x_wconf 83' lang='lat' dir='ltr'><strong>nempe</strong></span> <span class='ocrx_word' id='word_1_401' title='bbox 1130 3819 1251 3882; x_wconf 76' lang='lat' dir='ltr'><strong>pudendus</strong></span> 
     </span>
     <span class='ocr_line' id='line_1_79' title="bbox 755 3889 1251 3959; baseline -0.016 -16"><span class='ocrx_word' id='word_1_402' title='bbox 755 3896 826 3959; x_wconf 66' lang='grc' dir='ltr'><strong>σαι]</strong></span> <span class='ocrx_word' id='word_1_403' title='bbox 845 3896 899 3944; x_wconf 85' lang='lat' dir='ltr'><strong>Lib.</strong></span> <span class='ocrx_word' id='word_1_404' title='bbox 918 3893 951 3944; x_wconf 82' lang='lat' dir='ltr'><strong>ix.</strong></span> <span class='ocrx_word' id='word_1_405' title='bbox 970 3893 1129 3956; x_wconf 86' lang='lat' dir='ltr'><strong>Metamorph.</strong></span> <span class='ocrx_word' id='word_1_406' title='bbox 1149 3889 1251 3937; x_wconf 79' lang='lat' dir='ltr'><strong>Busirim</strong></span> 
     </span>
     <span class='ocr_line' id='line_1_80' title="bbox 755 3960 1251 4027; baseline -0.018 -8"><span class='ocrx_word' id='word_1_407' title='bbox 755 3972 841 4018; x_wconf 80' lang='lat' dir='ltr'><strong>domui.</strong></span> <span class='ocrx_word' id='word_1_408' title='bbox 882 3968 931 4018; x_wconf 91' lang='lat' dir='ltr'><strong>Ubi</strong></span> <span class='ocrx_word' id='word_1_409' title='bbox 952 3985 981 4015; x_wconf 86' lang='lat' dir='ltr'><strong>ex</strong></span> <span class='ocrx_word' id='word_1_410' title='bbox 1002 3968 1035 4014; x_wconf 86' lang='grc' dir='ltr'><strong>Ι).</strong></span> <span class='ocrx_word' id='word_1_411' title='bbox 1055 3961 1189 4027; x_wconf 80' lang='lat' dir='ltr'><strong>Augustino</strong></span> <span class='ocrx_word' id='word_1_412' title='bbox 1207 3960 1251 4010; x_wconf 87' lang='lat' dir='ltr'><strong>lib.</strong></span> 
     </span>
     <span class='ocr_line' id='line_1_81' title="bbox 756 4033 1250 4100; baseline -0.02 -7"><span class='ocrx_word' id='word_1_413' title='bbox 756 4044 813 4093; x_wconf 80' lang='lat' dir='ltr'><strong>xxii.</strong></span> <span class='ocrx_word' id='word_1_414' title='bbox 847 4045 886 4091; x_wconf 90' lang='lat' dir='ltr'><strong>De</strong></span> <span class='ocrx_word' id='word_1_415' title='bbox 897 4041 1000 4091; x_wconf 83' lang='lat' dir='ltr'><strong>Civitste</strong></span> <span class='ocrx_word' id='word_1_416' title='bbox 1011 4039 1067 4094; x_wconf 89' lang='lat' dir='ltr'><strong>Dei,</strong></span> <span class='ocrx_word' id='word_1_417' title='bbox 1078 4052 1132 4100; x_wconf 79' lang='lat' dir='ltr'><strong>cap.</strong></span> <span class='ocrx_word' id='word_1_418' title='bbox 1144 4035 1186 4084; x_wconf 82' lang='lat' dir='ltr'><strong>xii.</strong></span> <span class='ocrx_word' id='word_1_419' title='bbox 1197 4033 1250 4083; x_wconf 70' lang='lat' dir='ltr'><strong>hnc</strong></span> 
     </span>
     <span class='ocr_line' id='line_1_82' title="bbox 755 4108 1251 4177; baseline -0.016 -13"><span class='ocrx_word' id='word_1_420' title='bbox 755 4116 821 4168; x_wconf 78' lang='lat' dir='ltr'><strong>diri:</strong></span> <span class='ocrx_word' id='word_1_421' title='bbox 840 4115 931 4164; x_wconf 81' lang='lat' dir='ltr'><strong>Busiris</strong></span> <span class='ocrx_word' id='word_1_422' title='bbox 943 4121 1054 4177; x_wconf 77' lang='lat' dir='ltr'><strong>regnante</strong></span> <span class='ocrx_word' id='word_1_423' title='bbox 1065 4110 1147 4158; x_wconf 76' lang='lat' dir='ltr'><strong>Denso</strong></span> <span class='ocrx_word' id='word_1_424' title='bbox 1158 4108 1251 4174; x_wconf 78' lang='lat' dir='ltr'><strong>Argivis</strong></span> 
     </span>
     <span class='ocr_line' id='line_1_83' title="bbox 756 4181 1250 4249; baseline -0.012 -12"><span class='ocrx_word' id='word_1_425' title='bbox 756 4206 803 4247; x_wconf 76' lang='lat' dir='ltr'><strong>rer,</strong></span> <span class='ocrx_word' id='word_1_426' title='bbox 813 4191 848 4239; x_wconf 86' lang='lat' dir='ltr'><strong>uel</strong></span> <span class='ocrx_word' id='word_1_427' title='bbox 863 4190 938 4249; x_wconf 79' lang='lat' dir='ltr'><strong>potius</strong></span> <span class='ocrx_word' id='word_1_428' title='bbox 954 4195 1075 4249; x_wconf 74' lang='lat' dir='ltr'><strong>tyrannm.</strong></span> <span class='ocrx_word' id='word_1_429' title='bbox 1085 4186 1130 4233; x_wconf 79' lang='lat' dir='ltr'><strong>suit</strong></span> <span class='ocrx_word' id='word_1_430' title='bbox 1146 4181 1190 4233; x_wconf 81' lang='lat' dir='ltr'><strong>diis</strong></span> <span class='ocrx_word' id='word_1_431' title='bbox 1203 4183 1250 4231; x_wconf 77' lang='lat' dir='ltr'><strong>lios·</strong></span> 
     </span>
    </p>
   </div>
   <div class='ocr_carea' id='block_1_11' title="bbox 0 0 1452 4980">
    <p class='ocr_par' dir='ltr' id='par_1_19' title="bbox 0 0 1452 4980">
     <span class='ocr_line' id='line_1_84' title="bbox 0 0 1452 4980; baseline 0 0"><span class='ocrx_word' id='word_1_432' title='bbox 0 0 1452 4980; x_wconf 95' lang='lat' dir='ltr'><strong> </strong></span> 
     </span>
    </p>
   </div>
  </div>
 </body>
</html>
