2904 4994
322 335 367 399 ts
612 330 652 395 Ρ.
675 326 837 398 OVIDII
859 326 1071 395 NASONIS

323 506 428 580 Arsit
444 515 484 580 et
500 504 658 578 OEnides
676 503 714 577 in
732 501 910 577 Maenalia
924 501 1115 576 Atalanta.

374 622 446 696 Illa
462 621 548 696 ferae
566 620 739 719 spolium,
759 619 895 717 pignus
912 617 1061 704 amoris,
1079 615 1217 691 habet.¹
1289 620 1366 691 ’100

323 738 405 813 Nos
419 759 571 836 quoque
583 738 664 833 jam
677 735 838 833 primum
850 728 962 807 turba
974 755 1211 806 numeremur
1223 731 1262 804 in
1279 731 1365 806 ista.

372 854 415 927 Si
433 852 619 927 Venerem
636 851 758 938 tollas,
777 850 918 925 rustica
934 849 1028 924 silva
1043 859 1109 923 tua
1125 858 1197 923 est.

322 970 413 1071 Ipsa
429 992 557 1042 comes
574 966 741 1041 veniam:
770 990 841 1040 nec
859 989 920 1040 me
938 966 1130 1039 salebrosa
1146 964 1350 1039 movebunt

372 1087 487 1171 Saxa,
508 1106 577 1156 nec
595 1082 747 1179 obliquo
765 1083 879 1157 dente
895 1082 1083 1156 timendus
1101 1104 1205 1179 aper.

321 1202 489 1301 AEquora
505 1200 594 1274 bina
611 1198 688 1271 suis
706 1208 928 1296 oppugnant
944 1197 1119 1271 fluctibus
1138 1196 1321 1282 Isthmon,

372 1316 423 1391 Et
439 1316 563 1391 tenuis
580 1315 691 1389 tellus
709 1315 814 1389 audit
830 1325 1030 1411 utrumque
1048 1336 1163 1387 mare.
1295 1317 1364 1387 106

321 1432 396 1507 Hie
414 1443 540 1507 tecum
559 1430 740 1506 Troezena
755 1431 889 1516 colam,
910 1428 1076 1502 Pittheia
1092 1451 1224 1526 regna3

370 1547 394 1622 J
397 1573 458 1622 am
475 1570 575 1621 nuno
593 1558 651 1620 est
668 1536 791 1645 patriti
807 1546 945 1643 gratior
962 1544 1026 1618 illa
1042 1568 1138 1618 mea.

319 1664 506 1762 Tempore
524 1663 643 1749 abest,
663 1662 858 1761 aberitque
875 1661 939 1735 diu
960 1659 1174 1759 Neptunius
1192 1661 1323 1751 heros;

333 1766 336 1770 ¹
371 1780 482 1853 Illum
501 1778 658 1852 Pirithoi
676 1779 819 1853 detinet
836 1803 902 1852 ora
918 1778 988 1851 sui.
1294 1782 1365 1851 110

320 1895 532 1995 Praeposuit
549 1893 717 1968 Theseus
735 1894 823 1990 (nisi
842 1894 873 1967 si
892 1890 1088 1966 manifesta
1104 1891 1302 1990 negamus)

369 2011 579 2086 Pirithoum
598 2011 780 2099 Phaedrae,
801 2010 1086 2108 Pirithoumque
1103 2009 1185 2082 tibi.

354 2245 409 2293 106.
426 2243 522 2308 Audit]
540 2242 672 2293 Shchteuh.
684 2260 713 2293 ex
729 2244 816 2296 libri.
866 2243 983 2308 Intelligit
992 2242 1072 2291 fauces
1085 2239 1232 2299 Chersonesi,
1242 2241 1370 2308 inquibus

319 2318 420 2367 Metam.
431 2319 488 2367 419.
865 2315 1365 2381 Troeeenentrsqaepsrtefluctibusmsris

353 2393 578 2456 Quoqmorbetoiiae
587 2394 817 2441 bimorr'rloudurrtur
866 2390 1001 2438 feriebatur.
1036 2391 1252 2454 dubitatunque
1271 2399 1322 2439 erat
1339 2390 1365 2440 in

383 2466 517 2515 abisthmo.
866 2465 967 2513 duobus.
994 2467 1108 2527 utrimque
1124 2480 1180 2513 vero
1200 2472 1225 2513 et
1242 2475 1366 2529 utaturque

320 2539 425 2604 legebat
435 2543 534 2589 claudit.
543 2539 585 2588 sed
596 2539 656 2588 nihil
665 2540 814 2589 mutandum.
865 2537 935 2587 facile
943 2537 1076 2587 confudisse
1083 2537 1190 2587 librarios
1197 2555 1227 2588 ex
1235 2539 1365 2605 Propertio.

318 2613 404 2662 Senes.
415 2614 478 2679 Thy.
492 2615 547 2662 113.
865 2611 908 2660 lib.
920 2612 955 2660 iii.
967 2629 1009 2660 xx.
1021 2613 1061 2660 22.
1072 2620 1173 2660 consut-
1184 2621 1209 2662 et
1218 2622 1301 2678 postea
1316 2613 1365 2663 vidi

356 2688 435 2736 Vicina
445 2690 530 2752 gracili
540 2691 642 2737 dividens
653 2700 714 2736 terro
727 2691 784 2736 rudo
866 2684 1011 2735 Gronovinm
1032 2686 1063 2735 td
1083 2687 1167 2735 Senec.
1187 2687 1286 2751 Thyest·
1310 2690 1365 2738 tlt.

352 2761 431 2826 Longe
438 2773 531 2810 remotos
542 2764 603 2810 lotus
611 2764 703 2810 ernudit
713 2780 783 2810 sorios.
867 2760 929 2808 bunc
946 2776 1039 2808 versum
1057 2759 1091 2807 ita
1102 2759 1228 2817 adducere,
1239 2762 1295 2810 ticet
1306 2761 1365 2812 nihil

319 2832 380 2881 sur.
402 2834 421 2882 i.
440 2835 517 2884 Theb.
538 2837 595 2885 335.
616 2836 641 2885 io
661 2835 817 2902 descriptione
866 2843 969 2881 moneat.
1004 2834 1092 2882 Buris.

319 2906 416 2956 Isthmi:
901 2909 957 2955 109.
976 2907 1080 2969 Tempore
1090 2910 1158 2964 obest,
1169 2910 1286 2972 aberitque
1295 2911 1362 2974 dire]

353 2981 383 3030 In
391 2986 469 3031 mediis
480 2986 545 3033 audit
555 2988 602 3033 duo
612 2987 681 3032 litora
691 2988 784 3048 rumpis.
868 2982 897 3030 In
915 2992 1019 3048 ternpore
1037 2992 1061 3030 et
1075 2994 1205 3050 opportune
1219 2984 1294 3033 abest.
1310 3001 1364 3049 qure

319 3054 362 3105 Sit.
373 3073 397 3103 v.
410 3058 469 3105 399.
867 3055 914 3104 duo
935 3056 1034 3104 Plautus
1053 3056 1125 3105 etiarn
1142 3056 1167 3103 iu
1182 3054 1293 3105 tenuia
1308 3074 1365 3107 con·

382 3131 587 3194 -Froetusque
599 3135 623 3180 in
632 3135 724 3194 rupibus
735 3135 809 3181 undas
865 3129 951 3193 junxit.
969 3129 1002 3178 sic
1014 3130 1097 3179 Cicero
1108 3130 1133 3178 in
1143 3130 1215 3179 Offic.
1233 3133 1270 3179 Ad
1280 3148 1366 3181 cenom

352 3203 426 3249 Audit
439 3203 550 3252 Tartessos
562 3206 614 3254 tutis
624 3209 757 3254 distermina
771 3218 817 3255 ter·
868 3214 963 3265 ternpore
975 3207 1044 3253 renit.
1063 3204 1180 3269 quomodo
1191 3214 1215 3252 et
1225 3204 1282 3254 alibi
1290 3206 1364 3258 idem.

384 3269 427 3314 νὺ·
693 3271 784 3319 Hffls·
868 3277 961 3325 Phaedr.
972 3277 1013 3325 lib.
1024 3278 1058 3325 iv.
1070 3277 1164 3342 Epilog.

319 3337 424 3404 Cupiunt
444 3341 495 3389 baec
516 3358 596 3391 omnes
623 3342 760 3409 interpretes
786 3346 816 3394 de
900 3349 947 3402 Qui
958 3352 1012 3405 sint,
1024 3354 1119 3414 requiris
1125 3368 1134 3409 ,·
1151 3355 1291 3413 apparebunt
1309 3364 1365 3402 test·

320 3411 410 3461 Isthmo
421 3414 579 3471 Corinthiaco,
592 3425 618 3463 ut
630 3425 654 3464 et
665 3417 775 3467 Heinsius
786 3419 816 3467 ad
929 3440 991 3485 pore.

319 3485 363 3534 lib.
375 3486 415 3536 vii.
425 3489 487 3536 Met.
499 3489 556 3536 396.
568 3489 610 3537 sed
621 3489 771 3539 manifestum
781 3502 817 3541 est
867 3497 978 3546 Ceterum
990 3515 1004 3546 a
1016 3496 1110 3547 Nasone
1122 3499 1234 3565 scriptum
1245 3499 1316 3549 fuisse
1328 3517 1366 3549 ar·

320 3559 359 3623 agi
377 3560 407 3609 de
423 3562 545 3618 Troesene,
560 3578 614 3626 quar
628 3580 674 3612 non
692 3564 716 3613 in
727 3565 817 3614 Isthmo
866 3570 946 3628 bitror,
955 3575 1111 3635 absitquediu.
1122 3573 1156 3621 sic
1169 3584 1279 3622 voventes
1288 3583 1313 3623 et
1323 3575 1366 3622 bo-

319 3632 478 3693 Corinthiaco,
495 3645 523 3684 ut
537 3635 644 3702 imperite
661 3638 816 3697 Hubertinus,
866 3661 923 3692 num
934 3646 1057 3710 augurium
1069 3655 1191 3712 captantes
1202 3646 1366 3711 loquebantur.

319 3706 373 3765 sita,
392 3709 434 3759 sed
455 3710 563 3759 remotior
582 3712 612 3759 ab
634 3711 683 3769 ilio,
701 3730 773 3778 quarn
790 3724 817 3763 ut
867 3718 953 3766 Noster
961 3720 1031 3768 Pont.
1043 3720 1086 3768 lib.
1096 3721 1128 3768 iv.
1140 3721 1180 3768 El.
1193 3720 1234 3768 rii.

318 3782 423 3848 AEgeum
437 3792 462 3833 et
473 3783 566 3832 Ionium
582 3785 673 3834 audiret
684 3802 757 3835 mare.
774 3788 817 3837 sed
900 3792 947 3840 Hic
963 3796 1068 3842 stimulus
1085 3797 1169 3844 uostris
1189 3797 1246 3843 obsit
1262 3796 1366 3857 obestque

318 3856 389 3906 eredo
398 3856 529 3908 Troezenen
539 3858 609 3908 sitam
619 3858 690 3908 fuisse
707 3860 731 3908 in
742 3861 816 3910 Cher·
931 3871 1005 3916 mstis.

318 3946 402 3981 moeso
421 3934 533 3998 quadarn,
553 3942 577 3983 et
598 3951 651 3984 earn
670 3935 765 3985 alluisse
786 3937 817 3985 ab
867 3937 982 4005 Virgilius
992 3943 1035 3990 lib.
1047 3960 1072 3991 x.

318 4012 419 4129 straga
439 4018 506 4074 parte
523 4024 596 4058 mare.
615 4007 679 4059 unde
689 4008 817 4075 legendum
899 4016 984 4101 AEnsas
995 4020 1091 4081 ignarus
1101 4020 1170 4076 nbat,
1182 4020 1279 4137 igrsshus
1288 4026 1311 4065 et
1324 4018 1365 4065 sb·

319 4092 385 4205 lmEt
393 4158 467 4207 mab
475 4158 544 4209 uum
551 4160 739 4224 auditotrirrrqos
746 4177 816 4211 aare.
867 4100 970 4212 Reusbb
980 4164 1062 4212 aberit.
1081 4179 1128 4213 non
1138 4162 1201 4213 enim
1211 4179 1241 4213 es
1249 4106 1364 4220 rigatus,
