2896 4980
194 372 260 437 154
486 366 524 431 Ρ.
548 362 709 429 OVIDlI
733 362 945 431 NASONIS

197 548 370 640 Quaeque
387 542 502 615 vomit
518 542 655 613 fluctus
672 539 841 626 totidem,
860 540 1095 639 totidemque
1120 522 1233 617 resorss

248 658 329 732 Nos
339 682 492 756 quoque
510 654 709 728 Trinacrioe
728 656 989 753 supposuisset
1004 658 1130 754 equoe!
1144 658 1230 754 [bet,

199 778 339 875 Sospes
357 777 405 849 ad
425 773 651 856 Haemonias,
666 772 873 867 victorque,
892 774 1086 846 reverteris
1105 775 1232 864 urbes;

248 893 406 966 Ponitur
424 891 472 964 ad
490 890 630 988 patrios
649 912 762 960 aurea
779 887 865 960 lana
884 888 998 961 Deos.

199 1009 299 1093 Quid
318 1007 475 1081 referam
493 1007 610 1079 Peliae
629 1017 749 1089 natas,
769 1005 909 1101 pietate
928 1017 1119 1093 nocentes,

249 1126 436 1223 Caesaque
453 1125 619 1219 virginea
636 1122 805 1195 membra
822 1133 977 1219 paterna
992 1124 1130 1197 manu?
1170 1128 1235 1197 130

200 1243 254 1317 Ut
270 1246 424 1343 culpent
442 1242 516 1327 alii,
536 1241 603 1314 tibi
623 1264 682 1312 me
700 1238 852 1312 laudare
871 1262 1027 1313 neeesse
1044 1250 1115 1325 est,

248 1361 324 1433 Pro
342 1383 418 1457 quo
438 1384 521 1431 sum
539 1356 650 1430 toties
669 1380 752 1429 esse
770 1367 902 1428 coacta
918 1379 1071 1429 nocens.

198 1474 325 1547 Ausus
343 1499 384 1548 es
401 1474 437 1560 d,
457 1475 575 1570 (justo
593 1472 730 1545 desunt
747 1494 816 1543 sua
828 1472 942 1544 verba
958 1471 1094 1566 dolori)

250 1590 376 1663 Ausus
394 1615 448 1677 es,
468 1590 631 1675 AEsonia,
651 1589 788 1672 dicere,
808 1587 901 1660 cede
918 1586 1043 1660 domo.

199 1706 223 1778 J
227 1731 315 1779 ussa
331 1707 442 1780 domo
460 1706 571 1793 cessi,
591 1705 688 1778 natis
706 1703 883 1776 comitata
896 1703 1066 1791 duobus;
1171 1706 1238 1777 135

252 1820 313 1908 Et,
333 1822 397 1918 qui
416 1846 476 1894 me
494 1822 663 1918 sequitur
681 1843 841 1916 semper,
861 1842 986 1891 amore
1004 1819 1071 1891 tui.

204 1936 258 2010 Ut
275 1937 398 2009 subito
416 1948 561 2009 nostras
580 1935 732 2033 Hymen
750 1944 922 2006 cantatus
941 1935 988 2007 ad
1007 1958 1116 2009 aures

252 2052 377 2141 Venit,
392 2064 431 2127 et
447 2076 607 2127 accenso
624 2050 819 2148 lampades
837 2050 923 2147 igne
942 2050 1096 2137 micant,

200 2358 262 2401 esset
280 2348 433 2399 devotionum
455 2360 480 2399 et
499 2348 602 2398 duarum
619 2347 698 2397 horro-
748 2346 860 2395 Declem.
882 2347 1023 2398 cccxxxviii.
1056 2350 1133 2413 Atque
1149 2356 1239 2399 met·

201 2442 251 2475 rem
278 2424 395 2487 eugendi3
422 2422 543 2471 coniirndit
564 2438 619 2470 vero
641 2422 699 2470 dues
748 2424 819 2477 domo,
842 2425 866 2470 in
887 2442 931 2485 qua
952 2426 1016 2488 virgo
1034 2432 1152 2486 nem,
1167 2424 1238 2486 pult.

200 2499 300 2564 Scylles.
311 2496 365 2545 ride
376 2496 463 2545 Heius.
477 2496 508 2545 ml
519 2495 595 2561 Epist.
607 2496 697 2544 Sebini.
748 2496 837 2544 Auctor
848 2497 955 2545 Octavius
966 2498 1023 2546 671.

201 2572 217 2621 i.
229 2574 270 2621 33.
288 2572 378 2619 Brun.
779 2598 877 2608 —-
889 2574 958 2620 Cessit
970 2574 1075 2621 theloneis
1087 2572 1185 2623 cundi·
1196 2573 1240 2621 (Η

236 2648 291 2695 132.
309 2644 447 2693 Euecructu
464 2643 568 2706 nocens]
588 2642 700 2691 Francius
782 2644 853 2692 Pulsa
865 2646 972 2694 Neronis.
990 2672 1088 2684 —

201 2720 351 2785 conjiciebat,
370 2720 416 2767 Pro
433 2737 476 2783 quo
493 2735 540 2767 sum
558 2721 620 2766 toties
628 2718 700 2783 seete
749 2719 780 2766 Et
791 2718 1005 2785 itapulstefugito.
1016 2720 1098 2770 Bentl.
1115 2720 1147 2770 ed
1160 2720 1239 2771 110111.

202 2804 293 2842 mente
315 2811 403 2842 nocem.
426 2794 470 2842 ini.
495 2794 550 2842 198.
586 2793 701 2855 Cumque
750 2792 767 2839 i.
779 2794 866 2841 Sauo.
882 2795 919 2842 13.
937 2795 1026 2843 Busa.

202 2888 249 2918 tum
260 2873 348 2932 pluriter
356 2869 427 2933 sueta
442 2879 536 2931 parente
551 2886 641 2929 putens.
658 2884 701 2916 nos
783 2868 894 2916 Comitotu
905 2868 1012 2931 duobus]
1025 2867 1240 2918 Mermetoelffl·

203 2944 261 2992 nihil
280 2953 407 2992 mutamus,
425 2955 531 2992 coactam
546 2943 609 2991 enim
627 2960 652 2991 se
670 2942 701 2991 ed
750 2951 809 2990 rete.
821 2942 875 2990 vide
886 2943 981 2991 Scholia
991 2942 1016 2990 in
1031 2943 1076 2991 lib.
1087 2942 1116 2991 ii.
1125 2942 1241 2992 'l'ristim-

202 3019 279 3067 scelus
289 3017 412 3065 decentius
422 3017 489 3073 dicit,
502 3034 573 3082 quam
584 3016 604 3063 si
618 3026 701 3081 sponte
752 3016 929 3064 Comitatuvero
941 3017 1093 3076 παθητικῦς.
1128 3017 1199 3066 Cror.

203 3107 290 3139 nocens
300 3099 363 3137 esset
372 3092 444 3138 laeta.
462 3090 578 3155 expressit
588 3089 701 3138 Ovidium
786 3090 841 3137 1³7.
863 3089 893 3136 Ut
904 3091 984 3145 subito,
994 3091 1054 3153 δια]
1073 3090 1113 3139 Sic
1130 3088 1242 3140 escant·

203 3168 295 3213 Seneca
305 3164 393 3211 Medea
403 3166 459 3213 280.
751 3163 788 3211 lus
809 3163 923 3228 producta
944 3163 1020 3229 prima
1041 3164 1136 3230 syllaba
1157 3166 1243 3230 llym

239 3238 311 3285 Tetios
326 3253 405 3283 nereus
423 3256 471 3285 sum
484 3235 564 3300 jectu,
582 3240 620 3285 ted
635 3255 701 3285 uum·
751 3236 909 3303 pronuntiavit
920 3253 1032 3295 eoversu,
1040 3238 1132 3302 Hymen
1142 3239 1244 3303 &Hya-

269 3328 336 3372 qmrm
346 3312 410 3358 milri.
752 3328 805 3366 nee,
817 3310 879 3375 quod
891 3310 996 3359 imitatus
1003 3312 1243 3363 Graecosfecit:m

205 3385 285 3433 Antea
302 3383 403 3439 dixerat,
423 3386 459 3432 illi
480 3385 564 3439 Pelius,
582 3400 626 3431 nou
643 3387 703 3432 notis
752 3394 776 3433 et
784 3384 922 3433 Theocritus
932 3386 957 3432 in
964 3385 1069 3436 Helenes
1076 3386 1242 3453 Epithelmio:

196 3464 273 3522 jocel.
291 3459 381 3505 Burin.
784 3456 860 3523 ιΥμὰν
881 3456 900 3507 ὦ
917 3456 1025 3523 Ὑμέναιε
1041 3460 1114 3527 γάμῳ
1130 3463 1172 3512 tut
1186 3458 1243 3525 τᾷδε

241 3535 296 3581 134.
314 3532 372 3579 Cede
388 3532 472 3594 domo]
489 3530 598 3579 Formulu
609 3532 701 3596 repudii
815 3533 927 3597 χαρείης.

205 3606 270 3673 apud
282 3606 415 3663 Romanos3
433 3603 487 3652 talis
503 3613 527 3652 et
545 3604 587 3652 illa
604 3606 701 3655 abdica·
752 3608 803 3671 Ego
814 3616 892 3655 temen
903 3606 1015 3656 libentius
1021 3618 1129 3676 correpte
1138 3609 1243 3675 legerem,

205 3681 276 3731 tionis
297 3677 361 3744 opud
383 3678 570 3735 Quinctilianum
592 3680 701 3729 Declam.
752 3680 1243 3749 sednusquameliterinvenimequequid·

203 3754 294 3805 cclviii.
306 3752 347 3801 ubi
364 3763 431 3817 poter
442 3753 472 3800 ed
483 3752 567 3809 lilium,
579 3755 667 3803 discede
676 3758 704 3803 de
753 3772 824 3819 quam
841 3772 870 3803 ex
881 3772 918 3804 me
937 3756 1023 3805 addere
1042 3758 1127 3807 audeo.
1152 3755 1245 3822 quidm

205 3833 270 3877 doure
280 3844 338 3875 meu.
356 3826 447 3875 Herse.
753 3829 848 3892 legunt:

240 3903 296 3951 135.
314 3899 381 3948 Jusru
392 3899 476 3961 domm]
489 3900 543 3947 Non
555 3899 649 3948 damno.
662 3901 703 3950 sed
786 3906 816 3951 At
827 3906 899 3951 subito
911 3914 996 3952 nisurus
1007 3915 1033 3952 ut
1042 3904 1134 3969 Hymen
1144 3912 1246 3954 eanum

206 3972 370 4025 vehementius
378 3984 444 4040 puto,
453 3975 520 4036 pulsa
529 3977 660 4022 domocetsi.
668 3975 703 4024 iii.
817 3981 934 4026 atlantes.
1097 3979 1216 4030 Neron.

205 4049 338 4098 ructet).
371 4049 473 4097 Pellitur
483 4048 552 4095 Arina
569 4049 641 4095 domo.
653 4048 702 4098 vid.
753 4051 835 4099 Forte:
858 4055 890 4100 At
907 4053 980 4100 subito
997 4063 1084 4102 nostrus
1101 4062 1129 4101 ut
1147 4054 1244 4118 Hyan,

205 4121 608 4189 adEpist.ix.1³1.insr.xiv.iii.
644 4123 704 4189 lieg·
752 4128 799 4175 dte.
816 4127 884 4175 etsie
899 4126 972 4175 editio
982 4126 1085 4191 Micylli,
1095 4136 1121 4176 et
1135 4126 1246 4193 quondan

205 4200 391 4261 mutemque
401 4199 524 4248 Pellimur.
548 4195 705 4256 Quietum.
753 4201 832 4269 legere
851 4200 885 4249 ait
902 4200 1045 4265 Naugerius,
1061 4200 1103 4266 qui
1121 4210 1201 4251 temen
1217 4194 1247 4249 εἰ
