2896 4980
487 282 746 350 HEROIDES.
770 283 841 348 ΕΡ.
862 283 965 350 xvl.
1179 290 1248 359 m

201 461 236 536 N
237 484 305 539 eve
322 468 448 560 putes,
463 481 537 532 non
550 480 624 543 me,
635 456 707 531 nisi
720 458 902 545 eominus,
917 484 1002 535 esse
1012 461 1240 540 timendum:

248 576 395 674 Figitur
411 576 450 649 in
463 577 570 672 jusso
589 585 717 648 nostra
733 575 870 671 sagitta
886 576 981 651 loeo.

199 693 299 769 Num
317 703 427 791 potes
445 692 526 764 hoec
544 690 596 763 illi
614 690 744 788 primoe
762 692 850 767 dare
868 690 968 769 facta
979 696 1171 792 juventae?

246 810 439 884 Instruere
457 807 615 883 Atriden
635 832 724 881 num
742 821 850 907 potes
868 820 948 884 arte
966 811 1075 884 med?

199 926 337 1001 Omnia
345 926 378 999 si
392 924 558 1013 dederis3
580 926 762 1021 numquid
773 926 881 1000 dabis
892 926 1058 1001 Hectora
1067 925 1241 1005 fratrem?

246 1042 356 1117 Unus
374 1042 407 1115 is
425 1042 607 1115 innumeri
626 1041 752 1116 militis
770 1043 887 1118 inetur
904 1044 1030 1118 habet.
1050 1058 1052 1063 '
1165 1048 1240 1122 366

197 1158 296 1246 Quid
314 1159 472 1246 valeam,
493 1159 637 1233 neseis:
666 1169 705 1233 et
721 1168 760 1233 te
778 1183 863 1234 mea
878 1161 1012 1234 robora
1026 1158 1171 1235 fallunt.

247 1275 417 1374 Ignotae,
437 1275 498 1348 cui
517 1275 569 1347 sis
587 1287 706 1374 nupta
722 1275 846 1351 futura
862 1276 952 1350 viro.

196 1389 274 1464 Aut
289 1391 405 1487 igitur
422 1390 524 1463 nullo
542 1390 630 1463 belli
648 1393 816 1490 repetere
833 1393 1018 1468 tumultu:

244 1505 324 1580 Aut
339 1507 480 1581 cedent
497 1504 611 1580 Marti
630 1508 770 1583 Dorica
786 1519 912 1583 castra
928 1532 1024 1583 meo.
1166 1510 1241 1583 370

198 1620 236 1695 N
237 1646 280 1697 ee
297 1632 426 1697 tomen
444 1622 616 1719 indigner
632 1649 700 1723 pro
717 1628 821 1700 tenta
838 1651 985 1702 sumere
1001 1625 1140 1701 ferrum

247 1738 440 1838 Conjuge;
469 1748 660 1814 certamen
678 1743 832 1839 praemia
848 1766 984 1840 magna
1000 1751 1164 1816 movent.

198 1851 254 1926 Tu
271 1879 437 1952 quoque,
457 1853 489 1927 si
507 1855 555 1929 de
572 1865 611 1930 te
628 1865 729 1931 totus
748 1858 982 1933 contenderit
997 1854 1110 1945 orbiu,

246 1967 396 2043 Nomen
414 1969 462 2043 ab
480 1972 620 2045 aeternd
637 1973 856 2070 posteritate
873 1973 983 2048 seres.

200 2082 276 2185 Spe
292 2086 407 2159 modo
424 2108 500 2159 non
517 2087 660 2176 timido,
681 2089 750 2164 Drs
768 2091 856 2165 hinc
874 2110 1026 2189 egressa
1042 2087 1231 2175 secundis,

245 2198 367 2298 Exige
385 2224 473 2276 cum
490 2203 603 2300 plenu
620 2224 775 2280 munera
792 2218 904 2305 pactu
919 2206 1006 2280 fide.
1164 2206 1240 2278 376

227 2432 284 2483 302.
312 2430 344 2483 ln
364 2434 456 2498 jum]
485 2432 633 2485 Claudianus
659 2436 693 2488 iv.
776 2441 834 2488 ³⁷1.
853 2439 901 2488 Nee
912 2449 987 2488 tamen
998 2439 1105 2504 indignor
1116 2452 1159 2500 pro
1174 2442 1241 2485 tento

197 2506 268 2559 cm.
278 2508 342 2558 Hon.
352 2510 412 2558 629.
743 2528 830 2563 sumere
845 2515 929 2561 beilum
944 2511 1065 2577 Conjuge]
1084 2510 1177 2559 Sumen
1189 2510 1240 2572 fer-

226 2608 356 2621 --
368 2583 476 2648 Certiora
483 2586 566 2648 petitor
744 2602 796 2634 run
806 2587 942 2635 Putenneus
951 2595 976 2635 et
985 2584 1054 2633 multi
1065 2582 1116 2632 nlii.
1133 2596 1178 2632 neo
1188 2583 1241 2633 vul-

261 2654 376 2716 Vnineris,
395 2662 519 2721 njunon
535 2663 628 2708 mentiri
645 2677 693 2710 ner·
744 2668 826 2725 gotum
846 2677 933 2708 mmm
948 2661 1032 2708 tellum
1051 2666 1140 2706 temero
1160 2665 1241 2707 temen

289 2734 340 2781 eiu·
349 2734 431 2781 ictum.
572 2735 662 2782 Buerr.
744 2733 913 2782 dnmnnndum.
930 2732 1002 2781 Silius
1011 2731 1056 2781 lib.
1067 2730 1084 2778 i.
1094 2730 1153 2780 272.

228 2802 285 2855 Μ.
302 2805 523 2856 Ππωίιίπηιιωή
532 2809 695 2855 nitiminnar
778 2804 887 2869 Ronanus
910 2816 984 2856 sumto
1003 2810 1053 2855 uiro
1073 2805 1127 2853 butt
1149 2807 1241 2868 Μανία

196 2878 262 2944 nu]
281 2878 363 2945 longe
373 2880 506 2945 elegendus
520 2880 545 2928 in
555 2897 596 2929 sex
606 2881 694 2931 codici·
807 2898 890 2929 amore.

196 2952 334 3011 minuar
347 2955 422 3003 habnt.
448 2953 581 3003 Horreum.
615 2954 694 3004 Cicer.
744 2953 824 3002 Scribe
834 2963 956 3019 preterea,
968 2953 1017 3002 Nec
1035 2962 1109 3000 tamen
1123 2954 1240 3019 indigner.

195 3022 272 3077 inde
282 3027 325 3078 Oi.
336 3029 363 3077 8.
399 3028 481 3076 Ouinio
496 3045 524 3077 es
539 3029 614 3077 altero
628 3039 695 3092 purte
744 3044 774 3077 ne
785 3027 893 3093 indigner
910 3044 952 3093 pro
968 3037 992 3077 te
1007 3042 1112 3093 pugnare
1123 3026 1181 3076 feeit
1195 3042 1240 3076 no-

196 3100 287 3161 uum,
297 3104 337 3152 nir
351 3105 442 3153 nintnt
452 3106 557 3153 momenti
567 3106 641 3153 instar
653 3105 694 3152 to-
743 3118 807 3161 rnen,
818 3103 881 3168 quod
891 3112 1012 3167 tamquam
1024 3099 1173 3167 premium
1188 3117 1242 3168 pot·

197 3172 257 3226 bnt.
744 3177 838 3228 teriute
848 3178 963 3227 relaturus
973 3193 1034 3227 snm.
1054 3177 1145 3227 Herm.
