2896 4980
453 339 677 405 AMORUM.
725 338 814 404 LlB.
840 339 889 403 11.
912 340 964 404 18.
1181 342 1248 407 θα)

208 511 298 587 Risit
308 513 437 598 Amor,
448 498 664 611 pallamque
675 514 1018 610 meam,pictosque
1028 515 1242 600 cothurnos,

251 630 485 727 Sceptraque
503 630 647 727 privata
663 641 740 702 tam
758 630 856 702 bene
874 640 999 703 sumta
1015 653 1141 704 manu.
1199 636 1243 704 16

204 742 298 818 Hinc
316 768 470 842 quoque
488 768 548 818 me
565 745 727 816 domiuae
746 732 884 818 numen
902 744 1061 818 deduxit
1073 745 1229 843 iniquae:

250 860 387 958 Deque
397 862 627 934 ‘cothurnato
644 871 728 933 vate
746 861 950 959 triumphat
967 884 1083 934 amor.
1203 848 1206 853 ’

202 974 309 1060 Quod
326 978 428 1064 licet,
449 989 514 1050 aut
532 977 642 1050 Artes
661 978 778 1051 teneri
797 974 1015 1074 profitemur
1033 976 1199 1049 Amoris:

247 1092 338 1190 (Hei
358 1093 464 1167 mihi!
490 1094 690 1192 praeceptis
709 1117 843 1188 urgeor
861 1093 943 1190 ipse
961 1092 1087 1185 meis.)
1195 1098 1245 1165 20

200 1207 287 1295 Aut,
306 1210 409 1305 quod
428 1209 639 1308 Penelopes
656 1209 779 1283 verbis
797 1209 975 1281 reddatur
995 1208 1110 1293 Ulixi,

250 1324 476 1399 Scribimus:
505 1336 571 1398 aut
587 1324 771 1410 lacrimas,
792 1323 919 1420 Phylli
938 1323 1079 1408 relicta,
1099 1334 1196 1395 tuas

202 1434 311 1523 Quod
339 1440 461 1527 Paris,
490 1452 528 1513 et
556 1440 768 1524 Macareus,
795 1450 833 1511 et
858 1439 961 1535 quod
993 1439 1090 1511 male
1117 1448 1245 1533 gratus

349 1555 474 1642 lason,

248 1666 526 1770 Hippolytique
544 1694 693 1769 parem,
715 1670 1022 1769 Hippolytusque
1040 1670 1188 1766 legant:

202 1782 388 1883 Quodque
405 1798 537 1861 tenens
555 1788 726 1861 strictum
745 1787 845 1861 Dido
863 1774 1085 1861 miserabilis
1103 1811 1232 1862 ensem

251 1901 377 1988 Dicat,
397 1915 436 1977 et
453 1903 582 1977 AEoliae
602 1904 735 1978 Lesbis
753 1904 875 1978 amica
891 1904 994 2002 lyrae.
1196 1908 1245 1976 26
1337 1928 1340 1937 ·

203 2014 323 2100 Quam
342 2019 442 2093 celer
458 2044 480 2093 e
499 2030 577 2093 toto
596 2021 705 2094 rediit
722 2045 828 2095 meus
847 2021 937 2093 orbe
957 2020 1134 2106 Sabinus

251 2133 477 2233 Scriptaque
496 2135 651 2208 diversis
669 2136 796 2209 retulit
813 2137 875 2210 ille
892 2134 1004 2219 locis!

204 2246 375 2331 Candida
392 2248 585 2359 Penelope
603 2251 750 2347 siguum
769 2252 943 2347 coguovit
963 2249 1104 2331 Ulixis:

251 2362 360 2465 Legit
378 2366 426 2439 ab
445 2364 655 2470 Hippolyto
674 2367 814 2464 scripta
832 2389 990 2439 noverca
1007 2390 1087 2439 suo.
1197 2371 1245 2437 30

232 2631 360 2697 imparibus
369 2644 444 2683 tumea
454 2652 476 2684 er
486 2640 585 2685 inumeris
601 2641 697 2704 ‹ligaotu
747 2638 861 2704 potuisset
871 2637 958 2692 dicere,
970 2632 1034 2698 quod
1049 2634 1109 2681 bene
1126 2630 1159 2679 ait
1169 2629 1246 2697 Epist.

263 2710 355 2764 movet,
748 2713 823 2761 aaa

232 2780 262 2839 lp
272 2798 306 2831 ne
313 2784 422 2847 pugnasti
432 2785 530 2832 renibus
540 2801 582 2833 ura
589 2788 649 2834 meis.
780 2787 840 2834 Sunt
857 2785 920 2841 milii,
936 2799 992 2847 quur
1006 2783 1090 2842 possim
1106 2791 1193 2841 sceptro
1208 2783 1246 2828 de·

549 2858 665 2908 Maurus.
812 2875 870 2913 cere,
882 2873 972 2905 ananus.
1127 2853 1215 2900 Buau.

202 2929 262 2980 lllud
280 2930 351 2980 heile
368 2931 482 2987 rosamo,
496 2932 594 2996 sparsim
612 2934 697 2982 admis-
780 2935 821 2981 21.
839 2930 983 2991 Reddatur]
1003 2926 1098 2991 Proprie
1109 2925 1179 2973 dixit.
1191 2942 1246 2975 uam

200 3012 235 3055 roi
255 3007 326 3057 tuisse
347 3015 518 3070 pentametros:
546 3008 698 3071 qucmadmo·
749 3009 825 3055 reddit
835 3005 922 3060 literas,
933 3002 974 3069 qui
987 3000 1195 3065 easperlertzdor,
1205 3002 1247 3064 qui

199 3079 256 3129 dum
265 3079 329 3146 apud
340 3078 486 3145 Eudpidem,
497 3090 522 3128 et
531 3090 621 3129 ceteros
633 3081 698 3130 vide·
749 3080 857 3130 serendas
883 3074 1012 3126 tabellariis
1038 3072 1119 3122 tradit.
1164 3072 1248 3122 Cicero

201 3168 260 3210 mus,
278 3154 345 3203 varia
361 3161 488 3201 metrorum
505 3169 593 3216 genera
611 3153 698 3219 passim
748 3153 890 3219 saepissime:
910 3146 1117 3213 Redditainquir,
1128 3156 1181 3195 suut
1193 3149 1248 3197 mihi

200 3228 330 3279 admisceri.
364 3225 411 3275 Sed
422 3235 449 3275 ut
459 3235 509 3275 tota
520 3227 600 3292 Elegis
610 3227 698 3276 cousti-
750 3230 884 3276 literctuc.
917 3226 1031 3272 Maurus.

200 3303 263 3361 terit,
275 3302 363 3353 adduci
378 3318 424 3350 non
435 3317 530 3366 possum
545 3309 572 3349 ut
588 3302 695 3350 credam:
781 3302 823 3349 26.
841 3302 919 3349 Amice
931 3298 1006 3345 laeshis
1017 3299 1089 3343 araim
1097 3295 1177 3359 iuria]
1188 3294 1248 3354 Alii,

200 3385 235 3425 cst
250 3377 313 3426 enim
325 3376 369 3424 hoc
385 3390 460 3440 genus
477 3375 580 3423 tenerius
595 3391 623 3424 uc
639 3375 697 3422 mol·
750 3374 822 3423 Aonio
837 3374 912 3422 laeshir
925 3381 1001 3420 amoto
1012 3373 1068 3418 viro.
1103 3369 1247 3429 Puteareus,

198 3451 253 3510 lius,
262 3467 335 3517 quum
346 3458 373 3499 ut
383 3449 478 3513 tragicae
489 3448 599 3513 gravitati
612 3466 699 3498 conve·
750 3440 827 3498 :E'oliae
840 3449 916 3498 Lesbis
931 3454 1007 3495 umato
1025 3447 1090 3509 lyra.
1108 3454 1133 3492 et
1150 3459 1164 3492 a
1175 3460 1247 3493 manu

169 3550 176 3557 ·
199 3526 257 3576 aiat.
291 3524 387 3574 Deinde
406 3532 431 3572 et
452 3539 536 3571 nomeu
562 3523 640 3588 ipsum
662 3540 697 3572 re·
748 3523 862 3577 secundi,
888 3525 971 3570 amico.
999 3529 1071 3568 recte.
1097 3520 1131 3567 sic
1152 3519 1247 3582 Sappho

197 3608 297 3666 pugnat.
331 3597 421 3663 Elegia
446 3596 509 3645 euim
530 3597 605 3660 magis
626 3613 698 3663 quam
748 3598 801 3664 ipsa
821 3596 885 3662 apud
905 3597 1027 3650 Nostrum,
1048 3592 1149 3640 belides
1171 3592 1248 3637 AEotid

197 3672 330 3740 Tragoedim
349 3671 443 3721 nomine
462 3669 630 3736 appellandum
649 3673 698 3720 tale
750 3674 908 3720 haminaciano
921 3671 982 3733 lyrd.
1016 3666 1247 3723 IudeetAEoltnpu·

197 3746 310 3812 scriptum
322 3744 414 3794 11111111·
434 3745 576 3793 1111011111.
748 3748 794 3795 ello
812 3746 911 3794 Horatio
921 3744 954 3791 iv.
963 3741 1012 3789 (ld.
1024 3744 1048 3788 9.
1065 3739 1138 3785 dicte.
1148 3743 1173 3782 et
1183 3735 1245 3797 apud

233 3823 270 3870 16.
290 3820 347 3868 Tum
361 3820 427 3882 cita]
456 3819 511 3866 Tum
528 3820 581 3867 berre
597 3820 697 3867 Prauro·
748 3818 886 3869 eundumii.
899 3817 946 3866 od.
960 3812 1093 3868 1111111111Ἰ
1106 3808 1247 3867 tfrrlibfirli-

198 3890 640 3949 lurt.Sarravii,Srriverii·etsexalii.
653 3908 698 3940 nou
748 3894 934 3954 lanquentium
954 3885 1049 3946 Sappho.
1080 3882 1109 3928 Iu
1131 3878 1246 3927 1111111010-

198 3967 272 4018 male:
301 3966 416 4015 Medeam
433 3964 496 4013 euim
518 3964 599 4013 Ovidii
617 3980 698 4012 oniurs
748 3965 796 4028 gia,
812 3964 918 4011 versibus
932 3956 1015 4006 incerti
1026 3956 1116 4008 Pare,
1128 3953 1247 4015 Σαπφοῦς

198 4038 307 4091 admirati
317 4042 382 4088 luere
394 4048 492 4094 veteres,
503 4037 590 4100 quihus
600 4051 653 4085 eam
664 4036 697 4083 lo·
748 4036 768 4084 γ’
781 4032 891 4091 Αἰολίδες
902 4029 1007 4095 χάριτες.
1040 4026 1171 4074 llrrssios.

197 4114 268 4179 gendi
280 4112 381 4164 felicitas
391 4109 498 4175 contigit.
509 4110 542 4157 ita
555 4118 580 4157 111
597 4106 697 4156 Ovidius
780 4110 821 4157 29.
839 4107 945 4154 Candido
965 4099 1094 4161 Penelope]
1113 4096 1246 4147 Candorem

816 4185 893 4233 Cea
