2896 4980
197 314 263 381 216
487 312 527 379 Ρ.
551 312 712 379 OVIDII
735 312 948 381 NASONIS

203 489 254 562 Et
270 488 447 564 comitum
468 489 618 585 primas
639 488 850 587 Clymenen
874 488 1132 587 AEthramque,
1156 490 1231 566 tua·

250 604 376 678 Ausus
393 628 476 677 sum
492 604 639 677 blandis
658 629 775 702 nuper
793 605 893 677 adire
912 605 1025 678 sonis.
1140 608 1231 704 [mm

202 720 295 804 Quae
313 720 403 793 mihi
421 743 494 791 non
512 719 625 804 aliud,
646 743 759 814 quam
777 719 987 807 formidare,
1006 722 1154 809 locutae,

252 835 403 931 Orantis
421 835 562 908 medias
580 835 779 907 deseruere
797 859 941 932 preces,
1165 843 1233 913 260

202 952 252 1024 Dl
269 952 445 1038 facerent,
465 952 589 1046 magni
609 952 769 1049 pretium
787 952 1000 1024 certaminis
1018 976 1145 1041 esses;

250 1068 380 1166 Teque
398 1095 466 1143 suo
482 1070 599 1141 victor
617 1082 746 1166 posset
763 1069 900 1141 habere
918 1079 1012 1141 toro.

201 1183 255 1258 Ut
271 1186 357 1257 tulit
373 1184 632 1283 Hippomenes
653 1185 888 1271 Schoeneida,
908 1186 1062 1284 praemia
1078 1209 1216 1271 cursus,

116 1380 119 1391 ¹
249 1301 362 1376 Venit
379 1314 421 1375 ut
438 1304 475 1375 in
494 1303 680 1400 Phrygios
700 1301 953 1400 Hippodamia
970 1302 1096 1389 sinus;

201 1417 255 1491 Ut
272 1418 372 1493 serus
390 1419 542 1492 Alcides
560 1418 742 1490 Acheloia
759 1420 898 1490 cornua
915 1417 1037 1512 fregit,
1164 1414 1229 1488 265

252 1535 351 1607 Dum
371 1538 465 1633 petit
482 1535 690 1632 amplexus,
710 1533 899 1620 Deianira,
920 1546 1027 1617 tuos3

201 1649 341 1723 Nostra
357 1676 424 1747 per
441 1653 508 1723 has
526 1652 628 1746 loges
647 1651 805 1722 audacia
821 1649 949 1723 sortior
966 1650 1074 1723 isset:

251 1764 381 1862 Teque
399 1767 472 1839 mei
491 1767 605 1838 scires
624 1788 707 1837 esse
726 1766 863 1837 laboris
882 1790 988 1862 opus

204 1880 314 1954 Nunc
332 1884 421 1955 mihi
442 1883 491 1954 nil
511 1893 693 1980 superest,
713 1882 784 1954 nisi
808 1895 857 1967 te,
877 1881 1049 1967 formosa,
1068 1878 1227 1978 precuri3

251 1996 516 2095 Amplectique
534 2009 631 2083 tuos,
651 1998 680 2069 si
701 1999 854 2095 patiare,
875 2000 1003 2096 pedes.
1164 1996 1230 2068 270

204 2112 237 2184 Ο
257 2113 385 2199 decue,
405 2114 429 2184 6
446 2136 610 2210 praesens
629 2115 859 2208 geminorum
878 2116 995 2211 gloria
1012 2114 1184 2202 fratrum3

254 2228 287 2300 Ο
307 2228 400 2301 Jove
418 2230 532 2324 digna
549 2230 638 2315 viro,
658 2231 695 2302 ni
712 2230 805 2304 Jove
825 2245 912 2305 nata
929 2231 1046 2304 fores!

201 2345 278 2419 Aut
295 2371 365 2442 ego
386 2346 516 2442 Sigeos
535 2348 701 2444 repetam
719 2358 756 2420 te
774 2351 935 2445 conjuge
952 2356 1105 2444 portus:

251 2463 329 2535 Aut
346 2488 416 2560 ego
433 2463 604 2536 Taenaria
621 2475 798 2560 contegar
815 2465 923 2539 exsul
941 2464 1068 2536 hum0.

231 2666 288 2714 257.
306 2666 429 2729 Clymenen
447 2668 617 2730 AEthrnmque]
641 2669 693 2716 Me·
745 2683 837 2716 versum
848 2668 881 2715 sic
892 2666 989 2719 habent,
1002 2666 1231 2728 inprnperoeum

200 2738 263 2788 nelei
290 2741 371 2789 affines
391 2740 462 2790 luisse
484 2751 583 2791 testatur
609 2742 695 2807 Dictys
745 2745 829 2789 uicerat
839 2752 892 2789 unte
901 2757 984 2803 procos.
994 2738 1036 2787 sed
1047 2738 1142 2787 frustra.
1159 2737 1230 2784 Hers-

199 2814 457 2880 Cretensis,unaquea
470 2816 556 2865 Paride
572 2833 626 2866 cum
644 2818 694 2865 lle·
745 2833 807 2864 srrs.
842 2812 1024 2878 Inquibusdam
1039 2812 1175 2877 interjectus
1188 2816 1233 2858 etet

198 2888 253 2937 lene
273 2896 376 2945 evectas,
397 2901 420 2938 et
439 2900 491 2955 post
510 2899 605 2956 captum
624 2891 695 2939 Ilium
746 2890 817 2937 etiam
829 2888 902 2937 alius:

198 2972 259 3011 sorte
270 2963 342 3011 ducta
359 2964 531 3029 Demophoonti
549 2976 621 3029 atque
633 2965 695 3013 Aca·
778 2964 815 3011 Sic
828 2973 849 3010 et
862 2974 887 3010 to
902 2963 1015 3025 Phrygius
1026 2964 1101 3010 centes
1111 2963 1232 3026 regimper

200 3037 274 3084 manti
283 3036 392 3085 Thesidis
400 3038 511 3101 obtigisse
519 3038 641 3102 prtemium
651 3039 694 3087 mi·
841 3039 914 3091 urla·

198 3108 255 3157 litiae
266 3110 391 3165 diuturne,
402 3110 443 3158 sed
455 3112 580 3159 Mnestheo
589 3112 696 3160 Athenas
814 3109 879 3157 Venit
892 3119 918 3156 ut
929 3112 952 3156 in
966 3109 1079 3172 Phrygios
1090 3106 1232 3171 Hippola-vt·

200 3182 313 3230 remeanti
321 3184 418 3232 cessisse
426 3184 631 3240 tamen,Thesidis
640 3186 695 3235 inde
840 3187 911 3231 sinus.

199 3255 301 3304 exclusis
314 3266 385 3319 atque
400 3256 497 3305 exulare
512 3258 593 3322 jussis.
628 3259 696 3308 Idem
746 3258 823 3314 Quem
838 3267 963 3321 utrumque
975 3254 1136 3304 Bersmannus
1146 3268 1232 3320 expret-

199 3330 286 3393 Dictys
296 3329 362 3377 initio
372 3330 425 3378 libri
438 3331 471 3378 vi.
500 3332 641 3396 Clyrneuem
652 3336 695 3382 Ε
746 3332 783 3387 sit,
794 3332 835 3380 sed
847 3331 980 3379 subdititios
990 3328 1064 3377 videri
1075 3332 1172 3377 notavit.

198 3403 258 3451 three
269 3402 342 3449 filiam
354 3403 423 3451 luisse
436 3403 522 3452 innuit.
557 3405 646 3454 llrrss.
778 3407 833 3453 267.
862 3407 965 3454 Andocio
978 3403 1080 3468 jbrtiter
1100 3403 1169 3466 ieret]
1188 3398 1232 3449 Alii

232 3478 289 3525 263.
307 3477 475 3540 Hippomenen]
495 3478 615 3527 Onchesto
628 3481 694 3544 Nep·
745 3483 848 3527 victorin.
881 3479 1018 3533 Vossianus,
1033 3480 1133 3526 undem
1141 3478 1232 3542 j'ortiot·

198 3551 313 3601 tunitilio
330 3559 450 3599 natusest
467 3552 695 3617 Megareusquifi-
745 3554 830 3618 placet.
853 3553 984 3600 llrrssrvs.
1019 3551 1057 3599 Ita
1078 3552 1154 3616 Epist.
1174 3545 1232 3599 xviii·

196 3626 255 3674 lium
272 3625 355 3673 habuit
371 3624 554 3690 Hippomenem.
594 3628 618 3675 ls
634 3628 693 3676 Ata·
745 3629 786 3674 at.
802 3627 913 3690 quidam:

197 3702 288 3750 lentam
297 3699 408 3748 Schoenei
416 3700 488 3747 filiam
496 3715 564 3748 cursu
574 3718 694 3766 superasse
774 3700 863 3746 Fortior
872 3703 896 3746 tn
904 3715 1000 3747 sonamus
1007 3701 1083 3761 erigor
1092 3700 1154 3747 altro
1160 3710 1231 3761 equor·

198 3774 307 3829 traditur,
324 3789 340 3821 a
356 3774 449 3821 Venere
468 3773 570 3837 adjutus.
591 3792 643 3838 quoe
660 3776 695 3824 illi
745 3776 793 3823 Ubi
814 3775 886 3823 etiam
899 3774 1005 3838 ¹t'omitm·
1026 3772 1106 3836 vulgo.
1141 3770 1232 3819 vauri·

198 3849 243 3897 tria
252 3864 356 3914 pomnen
366 3848 438 3897 hortis
449 3848 605 3913 Hesperidum
616 3848 695 3897 dedit:
745 3850 826 3904 etiam,
847 3848 910 3913 quod
929 3847 996 3894 multi
1014 3847 1067 3894 libri
1083 3863 1126 3912 pro
1143 3843 1232 3894 amacio

199 3923 286 3988 quibus
305 3923 421 3987 projectis,
440 3916 526 3988 puellae¹
542 3938 636 3970 cursum
652 3922 696 3969 im·
747 3923 842 3978 hahent,
853 3939 898 3970 non
909 3931 996 3969 temere
1011 3919 1188 3986 repudiandum.
1201 3914 1233 3962 il!

200 3997 299 4062 pedivit.
322 3996 384 4045 Vide
395 3998 468 4046 ovid.
480 3997 521 4045 lib.
537 3999 574 4043 ll).
595 3998 696 4045 Metam.
745 4001 779 4045 ire
795 3999 922 4059 triumphus
934 3995 1021 4043 dicitur
1031 3996 1077 4060 Ep.
1087 3994 1130 4043 vil.
1143 3993 1196 4043 154·
1209 3992 1233 4036 Θῑ

232 4074 288 4121 264.
310 4073 375 4120 Venit
385 4074 433 4137 ut]
455 4073 587 4121 l'enemtin
603 4071 694 4119 Schott.
746 4071 812 4120 alibi.

200 4144 226 4193 ii.
250 4148 351 4197 Observ.
371 4163 423 4214 cap.
437 4151 478 4198 53.
496 4147 544 4195 Alii
563 4145 616 4195 libri
633 4146 695 4194 hunc
