2896 4980
487 333 745 475 unicornus.
770 388 839 456 ne.
863 392 952 457 xn.

1174 397 1239 462 147

197 554 349 657 [Martis
366 573 473 636 erant
489 565 586 637 tauri
603 565 703 664 plus,
721 589 835 662 quam
852 590 921 665 per
937 590 1088 657 cornua,
1107 571 1217 660 saevi;
1326 624 1330 635 ·

247 676 416 762 Quorum
432 680 607 753 terribilis
626 679 778 779 spiritus
796 681 892 779 ignis
911 683 1021 777 erat]

198 792 283 868 dire
300 796 419 893 pedes
437 796 559 881 solidi,
580 810 837 896 praeteutaque
855 799 1007 873 naribus
1025 825 1118 875 aera:

246 910 367 1008 Nigra
383 937 451 1009 per
468 913 627 985 adflatus
646 914 726 986 haec
746 938 898 1011 quoque
916 914 1015 988 facta
1031 920 1132 991 suos.

199 1025 352 1102 Semina
367 1038 561 1127 praeterea,
580 1029 741 1127 populos
759 1030 942 1124 genitura,
956 1032 1101 1127 juberis
1189 1036 1238 1106 45

248 1143 434 1244 Spargere
451 1146 588 1219 devota
604 1145 680 1219 lata
697 1169 764 1243 per
782 1168 870 1218 arva
886 1170 1012 1233 manu,

199 1258 271 1344 Qui
289 1272 462 1360 peterent
479 1285 608 1334 secum
626 1262 723 1334 natis
742 1273 807 1334 tua
824 1286 982 1360 corpora
998 1264 1095 1338 telis.

247 1375 318 1451 Illa
335 1388 394 1451 est
411 1377 582 1474 agricolae
601 1378 735 1451 messis
754 1378 882 1476 iniqua
899 1404 980 1454 suo,

198 1488 355 1567 Lumina
371 1494 552 1580 custodis,
571 1497 816 1569 succumbere
834 1497 962 1571 nescia
978 1521 1122 1584 somno,

247 1608 413 1683 Ultimus
432 1621 491 1683 est
507 1610 634 1707 aliqua
651 1612 826 1711 decipere
844 1626 923 1688 arte
941 1615 1058 1688 labor.

1191 1618 1240 1687 50

199 1723 355 1801 Dixerat
372 1726 512 1812 AEetes
532 1729 655 1802 moesti
674 1730 899 1826 consurgitis
918 1755 1061 1818 omnes,

246 1840 459 1941 Mensaque
476 1867 685 1942 purpureos
704 1848 844 1921 deserit
861 1848 937 1922 alta
953 1859 1066 1922 toros.

195 2083 401 2136 riterPutesueus
411 2100 508 2135 emano
518 2086 601 2152 prims.
629 2089 691 2137 Scri-

196 2157 417 2211 Wmomfflno:

228 2232 322 2283 Dicitur
330 2237 418 2285 intereo
429 2235 470 2282 tibi
481 2236 525 2284 lex.

196 2305 268 2357 Initio
277 2305 321 2356 nu.
330 2307 372 2357 vii.
379 2309 443 2357 Met.
454 2306 480 2356 in
489 2307 535 2356 hac
543 2307 628 2357 eadem
638 2323 692 2356 nar·

196 2381 298 2433 atione:

228 2455 317 2522 laesqrts
342 2459 414 2506 datur
439 2462 539 2507 numeris
559 2477 692 2526 mgnmum

261 2534 373 2585 humes
384 2537 495 2584 dadonem.

197 2605 405 2675 Itsenimoptime
417 2608 535 2658 veterrimi
551 2608 615 2659 libri.
649 2610 694 2659 Lc-

196 2697 247 2746 μ
263 2683 345 2741 dicen,
366 2683 464 2748 elegans
481 2691 505 2731 et
522 2682 633 2732 Latinum
650 2694 695 2733 est.

198 2752 303 2821 Sequens
311 2754 430 2805 distichon
437 2755 561 2805 Ovidiauoe
574 2772 620 2805 nou
628 2756 694 2806 vide·

197 2835 381 2880 tureuerensr.
399 2829 532 2881 Humerus.

229 2902 270 2953 ⁴0.
290 2903 404 2967 Venena]
425 2903 694 2966 PmtdsrsBarberinus3

199 2976 261 3042 qud
278 2978 399 3029 wican
415 2977 517 3027 rectius:
539 2978 617 3027 Vomer
633 2978 695 3027 enim

200 3056 334 3101 etnam
348 3054 422 3115 premi
438 3052 528 3102 centies
545 3052 649 3102 aPoiitis
659 3052 695 3101 di·

200 3122 266 3183 citur.
275 3141 323 3176 non
330 3142 440 3190 memus.
451 3125 501 3174 vid.
519 3125 550 3174 sd
561 3125 617 3175 Val.
628 3125 695 3176 Flac.

168 3206 171 3211 '
201 3196 539 3262 rii.68.sedpondusesthic
552 3199 653 3264 jugum
669 3208 697 3250 ut

200 3268 269 3335 tlibi3
283 3276 462 3339 modomjugo
474 3289 578 3339 gesmere
586 3276 694 3334 juvenci.

200 3346 315 3399 ἕλωσι
327 3367 352 3399 v.
361 3349 404 3398 94.
421 3347 511 3396 Bonis.

229 3424 269 3474 48.
286 3424 445 3488 Praerenraqm
458 3425 551 3472 uarietas
560 3422 627 3486 arm]
648 3422 696 3471 Ora

201 3494 305 3548 kivm'i
315 3506 340 3549 et
351 3497 483 3547 Palatinus.
495 3506 523 3546 ut
532 3514 610 3564 supra,
621 3499 696 3546 adun·

201 3584 227 3618 es
244 3588 284 3621 m
304 3571 379 3621 dixit:
407 3570 449 3620 sed
469 3571 574 3635 vulgata,
598 3587 627 3618 ex
648 3570 697 3621 illis

201 3640 326 3711 londonii.
338 3646 383 3694 lib.
395 3644 431 3693 iii.
442 3646 500 3694 230.
511 3644 662 3694 detenditur:

231 3719 313 3771 tarot
330 3717 494 3785 χαλκόποδας
512 3719 618 3785 ταύρους
628 3719 696 3785 κάμε·

292 3793 390 3860 χάλκεα
400 3793 426 3844 δὲ
437 3793 517 3860 σφέων

230 3865 278 3921 Ἦν
288 3867 401 3935 στόματ’,
412 3869 438 3920 ἐκ
449 3867 473 3918 tt
482 3870 562 3935 πυρὸς
569 3866 652 3919 δεινὸν
659 3886 697 3919 σε·

292 3942 528 4010 λὰςὰμπνείεσιον.
559 3944 651 3993 Hirrus.

203 4010 355 4082 Pramum
376 4017 460 4068 milet
476 4017 599 4067 Francius.
621 4018 698 4080 mele3

202 4092 236 4136 d
244 4088 575 4157 tfleogrsphinetmilitaris
585 4090 618 4138 rei
626 4090 699 4156 scrip-

200 4158 288 4232 ¹⁸⁵⁸,
302 4171 409 4214 emtum
426 4165 532 4213 arbum.
551 4161 602 4212 vid.
615 4163 699 4213 Veles.

200 4230 322 4288 trihu.
330 4237 434 4289 Marcel.
445 4237 495 4288 sir.
503 4238 526 4286 2.
538 4245 563 4285 et
574 4235 698 4287 Commen-

743 2096 830 2138 tatores
838 2090 870 2139 ad
880 2091 924 2140 Sil.
936 2089 993 2139 Ital.
1006 2091 1056 2139 xri.
1066 2092 1125 2141 25³.
1153 2091 1241 2139 Bonis.

775 2164 817 2212 46.
840 2164 926 2228 latu]
950 2163 1018 2213 Male
1038 2162 1153 2214 editiones
1174 2181 1241 2229 que·

743 2234 798 2285 darn
819 2237 902 2302 prisce
923 2246 948 2286 et
971 2237 1073 2295 codices,
1093 2240 1153 2287 lato.
1177 2255 1242 2288 cam·

742 2326 787 2374 pus
808 2311 871 2361 enirn
892 2312 932 2361 ille
953 2313 1026 2377 leugis
1046 2316 1113 2361 annu
1136 2314 1243 2361 horridus

742 2383 830 2436 dicitur
847 2387 944 2436 Valerio
960 2387 1055 2436 Flacco.
1077 2387 1121 2435 lib.
1137 2387 1180 2436 vii.
1199 2388 1241 2437 62.

743 2459 827 2508 eudem
842 2476 898 2509 vero
911 2459 1013 2509 varietas
1027 2475 1091 2525 supr.
1106 2461 1152 2526 Ep.
1172 2459 1198 2508 ii.
1208 2459 1244 2511 iii.

743 2532 809 2582 Fast.
825 2533 842 2582 i.
859 2535 916 2583 546.
934 2533 960 2581 ii.
982 2534 1040 2581 210.
1057 2544 1082 2582 et
1098 2532 1131 2581 iv.
1149 2535 1207 2583 2⁴³.
1219 2543 1245 2583 et

744 2604 811 2656 tlibi.
832 2607 933 2657 Horatio
943 2605 1015 2656 etiarn
1026 2608 1082 2655 lotos
1090 2623 1177 2671 campos
1187 2625 1243 2658 con-

744 2687 781 2728 tra
807 2681 965 2730 temeritatem
992 2680 1088 2730 Ducerii
1115 2681 1245 2732 vindicavit

744 2753 916 2803 emditissirnus
924 2753 1049 2818 Bentlejus
1058 2755 1090 2804 ad
1098 2754 1141 2804 lib.
1149 2754 1185 2804 iii.
1196 2756 1244 2807 Od.

743 2826 770 2875 ii.
805 2827 885 2892 Larga
896 2827 934 2876 hic
951 2828 1025 2877 habet
1037 2845 1099 2878 uuus
1112 2827 1204 2894 Regius
1220 2837 1245 2879 et

745 2900 918 2951 elterHeiusii.
949 2900 1244 2952 Devotuverointceusa-

746 2974 794 3026 tivo
821 2976 914 3043 accepit
940 2977 1017 3026 bonus
1036 2976 1146 3034 Volscus,
1174 2992 1245 3041 quern

746 3050 846 3100 fideliter
863 3066 965 3100 errorem
985 3050 1158 3101 consarcinator
1177 3061 1244 3101 nota·

745 3141 796 3174 rum
813 3124 930 3174 variamm
948 3125 1065 3176 exhibuit.
1090 3124 1177 3175 rectius
1192 3126 1245 3176 Hu-

745 3198 862 3249 bertinus.
896 3200 986 3248 Burin.

778 3275 820 3323 52.
838 3274 929 3323 Deserit
944 3274 1019 3338 ulta]
1042 3273 1130 3324 Durior
1148 3273 1246 3332 locutio,

745 3355 773 3394 ut
788 3363 872 3397 mensa
889 3347 982 3397 dicatur
996 3350 1095 3396 deserere
1111 3357 1176 3406 toros,
1191 3365 1245 3413 que

746 3433 887 3472 removetur.
900 3439 931 3472 an
941 3422 1041 3479 dictum,
1052 3429 1079 3471 ut
1089 3424 1171 3472 deurit
1182 3423 1246 3472 hara

745 3499 836 3546 virum?
852 3499 914 3547 Stat.
927 3515 952 3546 x.
969 3497 1047 3546 Theb.
1063 3498 1121 3547 ⁷42.
1156 3497 1247 3547 Desinit

746 3571 836 3619 eratin
853 3570 940 3620 Moreti
958 3569 1048 3627 codice,
1068 3568 1098 3619 de
1117 3586 1164 3635 quo
1176 3572 1247 3620 verbo

747 3644 860 3694 Heinsius
878 3645 928 3710 agit
943 3644 973 3693 ad
992 3645 1019 3692 ii.
1037 3645 1092 3693 Art.
1111 3644 1167 3692 Am.
1188 3645 1245 3693 726.

746 3718 789 3768 sed
804 3735 881 3784 neque
898 3720 943 3768 hoc
961 3718 1056 3784 placet3
1080 3733 1157 3782 neque
1174 3716 1247 3765 etiam

747 3793 813 3857 quod
826 3810 902 3842 mensa
919 3795 968 3841 otta
985 3791 1086 3847 dicatur,
1104 3806 1158 3838 curn
1175 3805 1247 3854 supra

747 3876 810 3918 toros
830 3885 877 3918 non
897 3868 997 3916 multum
1022 3864 1124 3913 eminere
1145 3863 1248 3912 solerent

748 3959 844 4000 mensa,
855 3943 874 3991 si
885 3958 932 3990 nou
948 3939 1069 3988 inferiores
1085 3953 1157 4002 sepe,
1168 3945 1193 3985 et
1202 3936 1247 3986 tori

749 4018 836 4068 rectius
856 4019 900 4066 alti
916 4015 1034 4064 dicantur.
1052 4010 1103 4059 vid.
1118 4009 1204 4075 virgil.
1219 4009 1246 4061 ii.

750 4092 848 4141 AEneid.
859 4093 885 4139 2.
896 4088 960 4140 unde
969 4087 1085 4134 sublimem
1094 4088 1175 4147 jecero
1186 4082 1247 4136 dixit

750 4164 819 4215 infre.
836 4165 910 4213 lutere
920 4169 978 4227 puto
988 4157 1065 4210 deus.
1094 4159 1183 4210 ausu.

815 4317 866 4365 Le

983 4586 1224 4694 fl.
