2896 4980
386 306 646 374 HEROIDES.
670 306 740 371 ΕΡ.
764 306 866 373 XVI.
1082 309 1148 375 21⁷

110 482 145 557 N
147 506 196 558 on
213 505 299 557 mea
316 493 403 555 sunt
415 506 562 555 summa
578 482 708 555 leviter
720 482 900 556 destricta
913 484 1051 575 sagitta
1072 489 1146 558 275

157 599 340 675 Pectora:
368 598 565 674 descendit
582 598 715 671 vulnus
733 599 781 671 ad
799 623 886 671 ossa
901 606 1039 673 meum.

108 713 190 789 Hoc
208 714 314 800 mihi,
334 715 437 810 (nam
455 713 601 812 repeto)
620 712 697 787 sore
716 725 758 786 ut
776 738 798 786 a
815 715 967 789 coeleste
985 717 1123 812 sagitta

157 832 281 929 Figar,
300 843 379 904 erat
396 856 510 905 verax
528 830 728 903 vaticinata
745 854 859 902 soror.

108 946 227 1023 Parce
244 948 374 1020 datum
392 947 490 1032 satiS,
508 945 667 1031 Helene,
683 955 923 1021 contemnere
940 972 1001 1020 am
1029 976 1126 1024 rem:

156 1064 221 1138 Sic
240 1064 381 1137 habeas
399 1062 527 1136 faciles
546 1064 583 1135 in
602 1074 667 1135 tua
682 1075 770 1136 vota
788 1063 904 1138 Deos.
1073 1074 1147 1143 280

108 1178 231 1254 Multa
244 1181 398 1277 quidem
412 1182 591 1254 subeunt:
612 1180 679 1253 sed
694 1205 819 1253 coram
838 1192 879 1253 ut
896 1181 1004 1279 plura
1015 1183 1146 1280 loqua-

156 1294 304 1393 Excipe
326 1321 386 1369 me
405 1296 514 1381 lecta,
535 1306 644 1368 nocte
662 1296 808 1381 silente,
827 1308 905 1368 tua.
1034 1301 1145 1394 [mur,
1233 1282 1235 1287 ¹

107 1408 166 1485 Aa
182 1412 313 1510 pudet,
333 1424 372 1486 et
388 1413 530 1486 metuis
548 1411 733 1486 Venerem
758 1422 939 1485 temerare
962 1415 1144 1503 melitam,

155 1526 350 1624 Castaque
367 1528 525 1624 legitimi
544 1527 670 1601 fallere
684 1530 770 1625 jura
787 1527 855 1600 tori
870 1527 885 1599 l

107 1640 166 1715 Ah
179 1643 335 1716 nimium
350 1643 524 1740 simplex,
541 1641 699 1728 Helene,
713 1667 759 1715 ne
773 1643 913 1716 rustica
921 1643 1057 1733 dicam,
1072 1654 1146 1723 285

154 1756 265 1832 Hanc
283 1759 416 1833 faciem
435 1761 546 1858 culpa
563 1756 677 1857 pos'se
695 1780 821 1832 carere
840 1760 970 1856 putasl

108 1869 183 1947 Aut
197 1874 333 1949 faciem
349 1888 485 1962 mutes,
501 1887 566 1947 aut
583 1875 637 1947 sis
657 1899 732 1946 non
750 1875 855 1960 dura,
875 1899 1030 1951 necesse
1049 1892 1118 1953 est.

155 1988 217 2064 Lis
235 2002 295 2065 est
312 2016 399 2066 cum
416 1979 543 2065 forma
554 2014 691 2086 magna
708 1991 910 2089 pudicitiae.

138 2216 193 2266 275.
215 2218 352 2282 Dimissa]
383 2219 498 2268 Destricta
518 2221 599 2285 legen-

109 2287 171 2339 dam.
182 2290 236 2341 vide
247 2292 395 2357 Amplissimi
404 2294 492 2359 Cuperi
501 2294 601 2342 observ.

109 2361 149 2412 lib.
158 2364 192 2414 iv.
203 2367 254 2415 aba.
265 2370 290 2416 5.
309 2367 371 2416 Stat.
381 2367 397 2416 i.
408 2367 467 2416 Silv.
479 2367 505 2416 ii.
518 2370 558 2417 79.

138 2440 179 2487 Aa
187 2441 256 2488 illam
265 2442 351 2489 stimma
363 2444 443 2490 leviter
453 2443 498 2507 (sic
507 2460 601 2507 namque

159 2514 271 2576 jubatus)

138 2584 600 2650 Lampadaparoeateaatinarmiatrioai-

168 2677 295 2709 maroa.

108 2730 196 2781 mviii.
205 2733 282 2783 Theb.
293 2736 350 2784 532.

102 2852 106 2857 .
138 2804 220 2861 Qualis
243 2810 364 2873 tetigerant
387 2808 484 2857 Lacona
511 2813 602 2872 cupide

158 2879 267 2945 frontem

135 2950 308 3017 &damam

106 3022 237 3094 tampsii
251 3028 336 3077 Douza
346 3028 424 3077 locam
438 3029 523 3078 Senes.
537 3029 601 3078 Con-

107 3100 202 3151 mvii.
224 3102 257 3151 Ut
274 3104 382 3151 dutriata
400 3104 443 3151 levi
460 3106 554 3152 culam
569 3116 601 3153 est

107 3178 223 3233 maaca
231 3180 310 3226 credas
312 3177 408 3241 sactum
416 3194 485 3225 mano
490 3181 600 3245 privigni,

106 3250 308 3299 monaterio.
342 3251 431 3298 Baitia.

135 3318 194 3372 m.
213 3313 289 3372 Parce
299 3323 465 3388 datamfatis]
479 3324 552 3388 lego,
562 3342 601 3372 ra-

104 3396 229 3465 ¹tum-satia.
246 3397 281 3448 sic
292 3398 377 3447 Cicero
391 3399 434 3446 lib.
447 3398 487 3447 vii.
497 3399 544 3463 Ep.
556 3400 601 3446 Fa-

106 3472 160 3522 mil.
175 3473 263 3523 Gallo:
289 3474 344 3528 Qua
363 3477 438 3521 emisse
455 3483 477 3520 te
492 3475 601 3530 rescribis,

106 3562 150 3595 m
166 3549 239 3597 dam
255 3549 311 3596 miti
326 3557 380 3595 rata
397 3557 474 3603 erant,
485 3550 601 3595 sedetiam

103 3631 181 3687 pata.
208 3623 278 3689 plura
305 3621 336 3671 ad
362 3622 459 3670 Senecae
486 3621 600 3687 Tragoed.

106 3694 236 3745 Ηιικιιυι.
252 3694 360 3744 Multum
370 3694 461 3751 dubito,
472 3712 502 3743 aa
512 3695 600 3759 ubique

106 3764 140 3817 fu
153 3767 185 3817 sit
201 3768 262 3818 illud
273 3778 359 3824 ratam,
379 3767 442 3832 quod
461 3769 558 3817 Heinsio
576 3769 601 3817 in

105 3839 195 3892 deliciis
204 3842 259 3899 luit,
274 3840 355 3891 invitis
365 3843 436 3891 etiam
451 3843 600 3899 membranis,

106 3912 231 3965 homere.
249 3931 305 3965 cam
323 3915 398 3963 altem
412 3915 499 3965 locatio
512 3916 542 3964 sit
558 3933 599 3982 op-

105 3986 161 4039 t'un
170 3997 196 4038 et
204 3989 324 4054 frequens.
357 3990 447 4039 Lucan.
457 3990 499 4038 vii.
512 3993 567 4040 544.

102 4124 106 4131 Ι
136 4062 161 4113 It
175 4065 288 4121 timonet
296 4064 361 4129 fatis
374 4067 485 4115 datam
498 4065 599 4128 proCa·

166 4152 316 4187 mmm·

650 2218 736 2283 virgil.
749 2219 782 2267 iv.
792 2219 891 2268 AEneid.
900 2222 958 2269 225.

686 2293 790 2357 Fatisqae
800 2297 865 2341 elatas
875 2312 918 2341 non
929 2297 1020 2356 respicit
1031 2297 1103 2344 arbes.

651 2366 732 2416 Livius
743 2385 799 2416 xxx.
811 2370 852 2416 30.
871 2368 896 2414 Si
906 2370 945 2415 boc
956 2371 989 2416 ita
996 2369 1052 2432 sata
1067 2373 1146 2418 mam

650 2452 708 2496 erat,
728 2452 753 2489 aa
771 2445 818 2505 qai,
835 2441 880 2489 &o
908 2442 990 2490 Valer.
1008 2442 1073 2491 Flac.
1095 2444 1145 2492 viii.

684 2590 786 2652 Namque
807 2592 885 2637 datam
906 2592 946 2638 hoc
962 2590 1026 2654 fatis
1045 2593 1147 2653 trepidas

714 2664 848 2724 suppletque
860 2665 954 2711 canebat

685 2735 882 2798 illapsas.—

651 2807 700 2866 Qui
711 2818 735 2857 et
748 2808 781 2857 ita
800 2818 856 2857 sorta
874 2812 953 2857 datam
971 2808 1041 2857 dixit.
1059 2808 1101 2858 lib.
1111 2810 1144 2859 iv.

698 2954 850 3003 —Hea
860 2956 909 3018 pais
919 2956 986 3002 datas
995 2956 1036 3004 iste
1045 2954 1145 3005 Deorum

651 3028 715 3075 Sam
727 3030 789 3075 labor
799 3029 1001 3076 nobiti-—

651 3103 683 3149 Et
702 3102 737 3150 ita
758 3102 798 3151 alii
819 3117 890 3168 saepc.
907 3100 957 3149 vid.
977 3102 1024 3166 Ep.
1041 3119 1083 3151 xv.
1103 3106 1145 3153 82.

651 3177 741 3224 Boou.

684 3252 740 3299 284.
752 3249 842 3298 Fallere
845 3250 928 3313 jora]
942 3250 1078 3313 Elegantior
1088 3250 1146 3300 mihi

651 3323 722 3372 lectio
735 3324 825 3372 Moreti
840 3323 928 3372 codicis
942 3323 1042 3382 videtur,
1053 3326 1146 3374 solvere.

651 3397 719 3462 cujus
736 3398 838 3461 glossam
850 3399 940 3464 saltere
957 3398 1037 3447 credo.
1056 3398 1147 3449 Fallere

651 3472 713 3520 enim
717 3474 791 3536 fidem
798 3481 862 3521 recte
871 3473 965 3530 dicitur,
973 3473 1023 3521 vid.
1032 3474 1062 3521 ad
1071 3474 1147 3540 Epist.

651 3546 693 3594 vii.
711 3549 750 3595 18.
768 3546 809 3595 aed
818 3551 879 3609 jara
894 3547 979 3596 melius
989 3549 1073 3596 solvere
1086 3548 1145 3596 dici-

651 3636 712 3669 mur.
724 3622 758 3671 ita
768 3624 851 3670 salom
864 3625 933 3686 legem
942 3623 964 3671 V
966 3622 1023 3670 aler.
1036 3623 1104 3669 Max.
1114 3622 1146 3670 vi.

652 3713 675 3743 v.
688 3712 725 3745 ex.
737 3697 781 3745 ult.
796 3706 820 3745 et
835 3698 979 3757 disciplinam
998 3695 1078 3743 Livius
1097 3694 1145 3742 viii.

652 3770 674 3817 7.
686 3780 710 3819 et
720 3789 801 3841 motem
811 3787 864 3836 cap.
876 3772 900 3817 4.
912 3768 998 3832 Virgil.
1011 3768 1036 3816 ii.
1049 3769 1145 3817 AEneid.

654 3845 709 3892 157.

684 3918 729 3966 Fas
738 3920 793 3966 mihi
805 3920 929 3979 Grcp'oram
938 3925 1029 3962 sacrata
1039 3918 1146 3964 resolvere

706 4010 777 4054 jara.

651 4067 696 4113 Pro
715 4070 758 4114 tori
774 4062 841 4112 multi
860 4064 932 4111 etiam
952 4064 1007 4111 viri.
1024 4062 1074 4112 vid.
1090 4080 1144 4130 sup.

650 4140 695 4203 Ep.
706 4158 731 4189 v.
741 4155 801 4188 vera.
813 4139 854 4185 78.
866 4146 891 4185 et
900 4136 950 4185 xix.
965 4138 1019 4187 100.
1037 4137 1127 4188 Bosa.
