2896 4980
379 422 380 426 =
473 381 733 449 HEROIDES.
757 380 827 447 ΕΡ.
850 381 933 448 vll.
1186 391 1229 456 91

195 558 302 632 Bella
318 567 483 632 tument:
512 557 620 630 bellis
637 557 834 655 peregrina
850 567 890 631 et
906 557 1044 632 semina
1058 569 1202 637 tentor:

243 673 393 771 Vixque
411 673 523 746 rudes
541 683 667 771 portas
685 672 800 759 urbis,
820 683 858 747 et
875 696 989 760 arma,
1009 699 1112 773 paro.
1202 687 1204 691 ’

195 787 301 862 Mille
319 789 440 887 procis
458 789 604 886 placui:
634 788 699 883 qui
717 812 776 861 me
795 790 929 875 coiere,
949 803 1161 886 querentes,

244 903 383 978 Nescio
401 928 514 1001 quem
533 903 706 976 thalamis
724 906 971 1002 praeposuisse
989 907 1079 980 suis.

195 1018 296 1103 Quid
313 1021 462 1094 dubitas
480 1019 642 1092 vinctam
661 1019 811 1093 Gaetulo
828 1021 974 1096 tradere
992 1022 1138 1098 I'arbael
1166 1029 1234 1099 125

244 1136 474 1210 Praebuerim
493 1137 625 1209 sceleri
642 1136 795 1209 brachia
811 1148 937 1212 nostra
953 1148 1030 1212 tuo.

197 1250 267 1324 Est
284 1253 396 1325 etiam
414 1251 546 1339 frater3
575 1253 683 1349 eujus
701 1276 833 1325 manus
851 1253 967 1353 impia
983 1256 1103 1352 possit

247 1367 432 1466 Respergi
450 1377 588 1454 nostro,
608 1391 738 1466 sparsa
754 1392 884 1443 cruore
901 1370 980 1445 viri.

199 1617 248 1666 Od.
258 1617 274 1666 i.
284 1618 326 1666 sed
331 1620 499 1680 jaceremoerrlo
509 1633 556 1666 non
565 1617 695 1682 plaeet3si
745 1621 824 1682 oquoe
845 1621 925 1677 nediu
949 1620 975 1668 iu
992 1618 1102 1669 leidensi
1119 1623 1150 1670 orl
1166 1638 1240 1671 arom.

198 1695 272 1740 errori
289 1692 313 1739 io
323 1693 393 1740 MSS.
410 1699 471 1740 esset
488 1691 652 1757 amplecterer.
670 1698 696 1740 ut
745 1707 790 1756 ego
801 1708 829 1740 ex
841 1691 946 1757 vestigiis
956 1709 1036 1742 eorum
1046 1693 1125 1758 legere
1132 1695 1239 1744 mallem:

199 1766 245 1831 Ep.
257 1766 307 1814 xvi.
321 1768 377 1814 180.
783 1765 865 1829 Virque
882 1769 948 1815 endis
963 1777 1039 1829 portus
1054 1770 1117 1816 urbis
1132 1772 1163 1817 ad
1178 1787 1241 1819 orma

234 1841 320 1891 Meuia
332 1842 430 1890 Phaon
440 1849 528 1889 structo
540 1841 697 1902 canorelyre.
809 1857 876 1902 poro.

202 1915 249 1964 Ubi
258 1927 282 1964 et
292 1915 386 1965 codices
396 1915 493 1980 quidam
501 1915 580 1980 soora,
591 1929 664 1979 quare
674 1922 698 1961 et
749 1913 783 1963 Ut
798 1915 829 1963 sit
844 1931 940 1973 sensum
956 1931 1001 1980 ego
1020 1914 1116 1973 femina,
1132 1917 1197 1966 rudis
1212 1918 1243 1967 ad

201 1989 245 2039 hoc
267 1991 365 2038 verbum
391 1988 431 2036 hio
451 1987 558 2054 prefero.
586 1995 699 2053 preterea
749 2003 822 2047 arma,
849 1989 888 2038 vix
910 2005 967 2054 paro
992 1999 1071 2056 portas
1098 1991 1170 2040 urbis.
1205 1993 1243 2042 vel

202 2064 281 2112 neseio
291 2079 322 2111 au
340 2079 387 2112 non
397 2063 484 2112 rectius
493 2079 548 2112 cum
564 2078 611 2111 uno
623 2061 700 2125 Regio
749 2064 828 2121 etiam,
839 2065 879 2112 vix
889 2080 946 2129 paro
961 2074 1040 2129 portas
1056 2064 1121 2113 urbis
1136 2066 1201 2115 rudis
1213 2068 1243 2116 ad

202 2138 301 2201 legatur,
314 2139 400 2200 lateque
409 2139 519 2200 potentin.
537 2136 567 2184 de
578 2152 624 2201 quo
635 2153 657 2184 v.
669 2134 700 2183 ad
749 2153 822 2187 arma.
840 2137 874 2187 sic
891 2138 945 2186 infr.
964 2139 1010 2205 Ep.
1030 2137 1063 2186 xi.
1076 2141 1116 2188 ts.
1134 2142 1199 2189 rudis
1214 2145 1245 2190 od

203 2210 395 2259 Petromlxxxii.
429 2210 519 2258 Bnuu.
748 2221 838 2273 partus.
855 2212 1064 2262 nrduostnen's
1066 2213 1174 2278 furtum.
1186 2215 1244 2262 xvii.

239 2286 292 2333 121.
310 2285 377 2333 Bello
389 2285 497 2348 tument]
516 2284 621 2349 Vulgata
637 2292 701 2333 reete
750 2285 796 2351 Ep.
810 2287 866 2333 141.
884 2295 907 2333 et
916 2286 1005 2336 Jrstin.
1017 2285 1035 2334 i.
1049 2288 1072 2335 1.
1089 2289 1156 2335 rudes
1168 2291 1200 2337 nd
1210 2305 1245 2336 re-

205 2375 230 2408 se
254 2360 335 2407 habet.
380 2358 505 2409 Claudum¹
527 2357 552 2406 ii.
573 2358 603 2406 de
624 2356 699 2406 Laud.
750 2361 872 2408 sistendum
896 2363 998 2422 populos.
1026 2370 1144 2425 portarum
1167 2370 1247 2409 sutem

204 2433 280 2482 stilic.
292 2435 332 2482 95.
751 2442 814 2482 recte
825 2435 921 2491 mentio,
929 2433 1015 2499 quibus
1025 2433 1131 2483 incursus
1138 2434 1247 2483 sustineri

238 2535 333 2543 —-—
346 2507 453 2561 Quamuis
463 2508 584 2554 certamine
594 2515 669 2566 portes
752 2505 880 2555 vicinomm
895 2518 982 2572 posset,
994 2508 1044 2556 sine
1059 2507 1145 2571 quibus
1160 2508 1249 2557 moenia

237 2583 413 2630 Jumtumennt.
752 2578 810 2628 nihil
822 2581 966 2644 prodessent.
1000 2582 1089 2628 Buru.

207 2656 255 2705 Ubi
266 2656 319 2703 vide
333 2655 417 2703 Barth.
428 2665 453 2703 et
466 2653 562 2719 quidam
579 2652 628 2701 illie
639 2651 703 2700 corli-
788 2656 843 2703 123.
872 2656 918 2709 Qui
944 2673 979 2703 me
1004 2655 1098 2718 coiere]
1132 2653 1183 2703 Alii
1209 2671 1248 2704 co-

206 2747 246 2779 ces
262 2732 386 2778 certamina
402 2733 474 2791 partis
484 2733 536 2791 jam
555 2730 658 2775 timeant.
681 2734 704 2773 et
753 2727 827 2784 dices,
854 2746 888 2775 me
911 2731 1001 2790 cupiere
1023 2727 1060 2776 vel
1086 2731 1179 2790 petiere.
1207 2729 1249 2776 sed

207 2804 240 2852 ita
256 2814 342 2851 tumere
358 2818 439 2851 omnes
458 2803 576 2857 dicuntur,
593 2800 635 2865 qui
651 2816 703 2864 gra-
754 2818 809 2850 vern
825 2802 895 2849 lectio
912 2808 948 2849 est
964 2800 1098 2865 vulgataei
1115 2803 1148 2850 rt
1162 2804 1187 2848 in
1204 2803 1250 2850 tol·

208 2877 265 2926 riori
289 2876 361 2924 animi
388 2887 454 2925 motu
475 2876 631 2923 concitantur.
654 2873 703 2922 vid.
754 2875 790 2924 lae
807 2892 836 2923 ex
858 2874 996 2923 auctoritate
1013 2875 1152 2940 optimorum
1171 2891 1250 2924 exem·

209 2950 293 2998 Heius.
312 2949 342 2998 ad
361 2949 449 2998 Claud.
470 2948 534 2996 Bell.
556 2947 624 2998 Gild.
646 2950 704 2996 330.
754 2948 865 3016 plurium.
899 2947 973 2996 Refer
993 2957 1072 2998 autem
1092 2965 1127 2997 ms
1147 2948 1178 2997 ad
1198 2967 1251 3013 que-

208 3024 242 3073 sic
261 3034 346 3073 tremere
358 3024 453 3087 negotia
467 3021 523 3078 diei,
534 3037 589 3070 cum
604 3021 705 3070 maxime
755 3022 1028 3080 rentes,nonadeo‘iere.
1064 3023 1128 3071 coire
1143 3039 1186 3088 pro
1196 3039 1251 3073 oon·

210 3099 336 3162 agitantur,
345 3105 411 3145 notat
420 3095 502 3160 Ampl.
511 3095 600 3160 Cuper.
612 3095 638 3142 ii.
647 3095 706 3144 Obs.
755 3097 842 3146 venire.
877 3097 943 3145 Coire
958 3112 1013 3144 cum
1029 3108 1112 3161 quarto
1128 3113 1184 3146 casn
1196 3098 1251 3163 jun-

210 3173 236 3221 4.
247 3181 271 3221 et
282 3172 307 3219 in
317 3172 356 3220 his
373 3170 530 3218 locutionibus
546 3168 707 3234 metaphoram
756 3181 815 3236 gunt
830 3171 995 3221 Jurisconsulti
1012 3181 1110 3228 veteres,
1122 3171 1177 3221 hinc
1193 3176 1253 3222 coire

211 3263 261 3296 esse
273 3262 287 3294 a
305 3245 363 3294 mari
377 3242 495 3293 concitato
511 3251 576 3308 puto,
588 3241 651 3308 quod
668 3252 706 3291 tu·
757 3248 880 3293 meletatem
891 3245 953 3310 apud
965 3245 1018 3293 illos
1029 3245 1147 3310 frequens.
1171 3246 1252 3295 lism-

210 3338 269 3370 mere
280 3322 367 3368 Noster
381 3319 408 3367 ii.
421 3319 492 3366 Pont.
505 3317 539 3366 iii.
552 3319 593 3366 27.
604 3316 673 3373 dixit,
684 3325 708 3365 et
758 3334 820 3367 erus.
854 3319 929 3367 Probo
955 3319 1048 3368 Heinsii
1074 3320 1252 3386 expositionem.

212 3398 324 3444 tumidum
333 3393 420 3459 passim
432 3393 519 3441 Noster
528 3402 553 3440 et
564 3391 604 3438 alii
616 3399 708 3439 vocant.
758 3393 859 3457 ejectum
867 3402 891 3442 et
901 3393 945 3442 hoe
957 3395 1053 3442 verbum
1064 3394 1127 3460 apud
1136 3396 1220 3443 Senec.
1228 3395 1253 3443 ii.

211 3470 293 3518 similis
312 3469 371 3517 ratio
381 3468 406 3516 in
424 3471 513 3524 orders,
524 3474 550 3515 ut
565 3466 628 3515 enim
645 3481 709 3514 mare
759 3466 788 3515 de
801 3468 836 3516 ira
854 3470 879 3516 8.
918 3467 1023 3531 Undique
1042 3471 1105 3517 velut
1119 3473 1184 3535 signo
1202 3472 1256 3517 doto

212 3548 283 3592 verutis
291 3547 379 3599 orders,
391 3543 424 3592 sic
436 3544 494 3591 lello
504 3544 592 3598 ardore,
603 3550 627 3590 et
637 3542 709 3605 regio-
759 3544 789 3589 nd
798 3542 841 3606 fas
851 3541 957 3606 offerque
970 3545 1107 3591 miscendum
1121 3545 1203 3591 colere.
1222 3543 1256 3591 ita

213 3634 251 3666 tres
266 3621 346 3666 ardere
356 3621 419 3666 bellis
433 3617 515 3666 dieunt
530 3614 662 3681 scriptores.
680 3613 710 3662 de
759 3615 849 3680 scripti.
868 3616 938 3680 vulgo
949 3619 1018 3664 rolirti
1028 3629 1092 3664 sunt.
1127 3618 1216 3664 Burrus.

213 3691 299 3756 quibus
309 3692 375 3740 alibi.
409 3693 498 3739 Bunu.
794 3691 848 3738 126.
872 3689 1034 3753 premerem]
1059 3692 1141 3738 Donza
1161 3691 1256 3753 legebat

250 3768 304 3815 122.
330 3766 413 3828 Virque
431 3765 520 3828 mdes]
547 3764 623 3811 Portas
647 3771 710 3810 recte
757 3766 904 3826 prebuerant.

214 3842 282 3887 ruder
299 3849 395 3903 possent
413 3838 522 3902 intelligi,
540 3837 645 3886 nondum
662 3843 711 3883 arte
795 3839 850 3885 127.
864 3837 962 3900 Poscit]
977 3839 1048 3884 Possit
1059 3843 1192 3884 constanter
1203 3835 1256 3883 libri

215 3911 291 3959 fabrili
310 3912 420 3975 perfecte
439 3921 463 3960 et
484 3911 578 3976 politss3
599 3919 624 3958 ut
645 3912 713 3957 mdes
760 3920 859 3966 veteres,
879 3927 938 3974 quos
953 3926 1046 3974 sequor.
1070 3908 1113 3956 nisi
1130 3908 1257 3972 legendum

128 4038 130 4045 ¹
215 3987 272 4032 remi
290 3984 378 4033 Claud.
395 3984 464 4033 Prssf.
483 3984 596 4049 inRspt.
614 3992 639 4033 et
656 3986 714 4031 rude
760 3982 1068 4047 poscot.iv.Trist.ir.59.

144 4058 154 4074 ’
216 4059 304 4105 solium.
323 4057 374 4106 vid.
391 4058 507 4107 Rittersh.
526 4059 556 4107 sd
573 4058 672 4116 Querol.
686 4073 713 4122 p.
796 4060 1082 4121 Sunteircogeates,qaae
1092 4058 1193 4118 predum
1207 4070 1259 4104 son·

218 4131 259 4178 st.
277 4130 320 4179 sed
328 4146 383 4179 cum
394 4131 419 4181 in
426 4132 541 4181 Puteanei
552 4132 714 4197 excerptissit,
813 4142 815 4146 “
828 4134 1021 4195 guinemarum.
1136 4128 1226 4178 Herse.
