2896 4980
670 319 787 383 VITA.

268 483 449 567 ceteroquin
461 486 576 546 nasdt?
597 485 666 547 laesi
679 485 874 566 requievimus
886 487 980 546 ambo.

308 580 483 642 Proveniant
497 579 585 641 medii
598 580 640 641 sic
652 579 725 638 mihi
738 599 814 659 sepe
827 579 909 639 diesi

186 792 312 873 Quare,
333 793 360 859 si
378 815 418 861 ea
435 793 487 881 vel
508 791 585 871 iilia,
605 789 658 857 vel
676 790 794 875 neptia,
813 788 865 856 vel
883 790 999 857 ancilla
1019 791 1169 873 Caesaris,
1190 793 1243 863 vel

101 936 109 946 ·
185 916 390 981 quaecunque
406 894 469 960 alia
489 895 587 960 iirerit
605 895 651 959 sic
672 891 717 958 illi
735 914 820 970 cara,
837 904 874 958 ut
895 904 1072 979 propterea
1088 895 1244 963 Ovidium

186 994 399 1082 relegaverit3
422 1019 487 1061 non
507 1018 609 1074 error,
625 996 685 1060 sed
704 994 808 1060 scelus
828 994 962 1075 fuisset;
985 1018 1051 1060 non
1065 997 1183 1064 inscius
1198 1000 1245 1064 vi·

186 1098 289 1163 disset
303 1099 434 1176 crimen,
450 1098 510 1163 sed
521 1099 625 1162 sciens
641 1097 778 1162 fecisset.
825 1097 936 1176 Adde,
952 1099 1043 1183 quod
1057 1100 1090 1162 in
1104 1122 1179 1165 eum
1193 1123 1245 1166 er·

187 1221 294 1265 rorem
316 1200 429 1265 incidit
447 1201 516 1285 jam
536 1220 653 1263 senex:
677 1198 852 1264 Corinnam
871 1221 949 1265 vero
964 1200 1093 1285 juvenis
1113 1203 1242 1266 amavit.

189 1299 245 1367 Sic
259 1302 344 1369 enim
358 1302 400 1366 de
415 1323 450 1366 se
466 1301 538 1385 ipso
552 1300 593 1363 iv.
611 1298 712 1364 Trist.
731 1299 826 1386 Eleg.
844 1322 884 1365 x:
1003 1304 1006 1309 ’

267 1519 403 1579 Carmina
415 1539 482 1578 cum
496 1516 602 1598 populo
614 1516 742 1596 primum
752 1518 895 1597 juvenilia
907 1520 975 1589 feci,

190 1648 192 1652 ·
308 1615 405 1674 Barba
417 1624 528 1672 resecta
540 1611 613 1670 mihi
625 1611 716 1681 bisve,
730 1613 856 1673 semelve
868 1614 937 1673 fuit.

269 1707 403 1768 Moverat
417 1707 567 1786 ingenium
581 1715 673 1765 totam
687 1717 803 1766 cantata
815 1726 868 1786 per
880 1709 983 1768 urbem

307 1802 435 1862 Nomine
448 1822 506 1861 non
519 1821 587 1860 vero
600 1800 679 1860 dicta
693 1799 819 1859 &rinna
831 1801 913 1859 mihi.

190 2013 265 2081 Nec
293 2027 374 2100 puto
399 2015 454 2081 hic
479 2037 560 2092 eam,
588 2014 681 2099 quasi
702 2014 860 2100 gaudens,
887 2016 1094 2093 nominasset,
1121 2015 1148 2079 si
1175 2017 1247 2102 ejus

189 2117 325 2182 miseriae
352 2127 386 2182 et
413 2115 517 2181 exsilii
539 2115 782 2185 causafuisset.
835 2116 1046 2185 Credendum
1067 2128 1157 2183 certe
1184 2130 1246 2198 est,
1351 2169 1356 2177 .

190 2217 312 2303 aliquid
337 2220 379 2284 ab
402 2218 522 2284 Ovidio
544 2240 604 2302 per
634 2239 776 2283 errorem
800 2219 913 2296 vnum,
940 2221 1183 2305 cognitumque,
1210 2231 1247 2286 ut

190 2333 366 2406 propterea
385 2322 427 2385 ab
447 2319 571 2385 offenso
592 2318 743 2404 Augusto
770 2322 831 2385 sub
850 2318 942 2386 Artis
963 2323 1127 2387 amatoriae
1148 2322 1247 2410 culpa

191 2421 314 2486 Tomos
335 2421 497 2506 relegatus
517 2422 577 2485 sit:
601 2420 660 2484 sed
678 2421 831 2505 quidnam
851 2420 932 2487 illud
952 2422 1060 2501 fuerit,
1077 2444 1151 2488 cunr
1172 2427 1246 2491 sciri

190 2524 261 2609 ipse
281 2522 430 2600 noluerit,
445 2522 665 2613 nequidquam
685 2525 878 2608 quaerimus,
901 2526 1082 2611 praesertim
1103 2548 1187 2605 cum,
1203 2551 1245 2595 ne

191 2636 366 2710 quaretur,
378 2626 424 2691 sic
439 2626 509 2711 ipse
520 2626 656 2711 jubeat:

270 2828 387 2908 Ecquid
399 2839 538 2909 praterea
550 2827 701 2906 peccarim,
715 2847 843 2906 quaerera
857 2827 928 2898 noli,

309 2923 352 2982 Ut
365 2932 464 3002 pateat
478 2923 537 2981 sola
550 2920 637 3001 culpe
650 2924 704 2982 snb
718 2934 780 2982 arte
793 2943 866 2982 mea.

234 3133 399 3199 Exsulans
420 3145 528 3199 autem
549 3135 583 3199 in
608 3133 686 3200 locis
712 3136 908 3221 asperrimis,
931 3146 965 3202 et
991 3138 1247 3223 perinhumanis‚

191 3259 279 3323 saepe
304 3249 341 3301 ut
370 3237 481 3302 saltem
511 3238 544 3301 in
573 3239 731 3303 mitiorem
757 3237 864 3305 locum
893 3238 1105 3326 relegaretur,
1133 3243 1245 3326 petiit:

192 3363 387 3425 quamquam
412 3339 463 3405 vel
488 3341 613 3405 veniam
638 3342 884 3426 impetraturum
913 3365 948 3407 se
978 3344 1020 3407 ab
1047 3342 1248 3427 imperatore

191 3445 353 3527 sperabat.
399 3443 623 3529 Quapropter,
639 3465 681 3509 eo
695 3458 833 3522 mortuo,
851 3447 893 3510 de
909 3445 1017 3511 Ponto
1031 3446 1073 3511 iv.
1091 3444 1187 3530 Eleg.
1204 3446 1245 3510 vi.

192 3545 237 3609 sic
252 3543 359 3609 dolet:

269 3790 405 3868 Coeperat
419 3789 574 3867 Augustus
588 3788 716 3869 decepte
729 3791 877 3869 ignoscere
890 3792 999 3872 culpa:

310 3883 399 3962 Spem
413 3869 539 3943 nostram
553 3894 645 3944 terras
658 3885 844 3964 deseruitque
857 3887 954 3946 simul.

270 3975 366 4047 Quale
378 3989 476 4037 tamen
490 3977 574 4056 potui
588 3977 625 4038 de
638 3980 746 4049 ooelite,
761 3980 866 4048 Brute,
879 3979 991 4037 recenti

310 4071 417 4130 Vestra
430 4071 530 4151 procul
543 4075 654 4151 positus
667 4094 785 4135 carmen
798 4074 829 4131 in
842 4093 891 4130 ora
904 4069 981 4129 dedi.
