2896 4980
195 311 260 377 196
486 308 525 375 Ρ.
548 307 710 374 OVIDII
734 306 946 375 NASONIS

199 484 259 559 Tu
272 505 435 581 quoque,
447 483 570 557 mollis
579 482 707 570 Amor,
720 507 864 581 pennas
881 506 1053 583 suppone
1065 481 1228 561 cadentia

251 599 310 673 Ne
328 599 398 671 sim
417 597 613 673 Leucadiae
631 610 777 673 mortua
794 599 936 673 crimen
953 622 1075 697 aquoe.
1125 620 1130 627 ’
1166 602 1230 673 180

200 715 295 791 Inde
312 716 449 814 chelyn
468 716 625 803 Phoebo,
644 718 858 791 communia
875 740 1042 804 munera,
1061 738 1216 814 ponam:

250 829 301 906 Et
317 831 388 904 sub
406 855 452 906 ea
467 857 596 906 versus
614 858 710 907 unus
729 844 768 907 et
784 833 878 907 alter
895 844 1015 907 erunt.

202 946 320 1021 Grata
336 948 455 1046 lyram
473 948 582 1047 posui
600 949 681 1035 tibi,
702 948 858 1035 Phoebe,
878 949 1023 1047 poiitria
1040 947 1212 1046 Sappho:

250 1063 437 1138 Convenit
454 1065 518 1138 illa
534 1065 639 1151 mihi,
658 1066 832 1139 convenit
848 1065 912 1139 illa
927 1065 1010 1140 tibi.

82 1260 90 1269 ,
200 1178 279 1251 Cur
296 1191 422 1255 tamen
439 1179 615 1254 Actiacas
633 1182 808 1256 miseram
824 1205 885 1254 me
903 1181 1020 1254 mittis
1038 1180 1088 1254 ad
1104 1202 1198 1267 oras,

250 1296 349 1369 Cum
367 1296 565 1397 profugum
580 1299 702 1397 possis
720 1299 802 1397 ipse
819 1297 955 1373 referre
973 1296 1136 1396 pedem?
1168 1298 1232 1371 loo

199 1419 257 1492 Tu
275 1418 366 1491 mihi
386 1406 576 1494 Leucadia
592 1430 699 1517 potes
717 1442 802 1491 esse
820 1416 1002 1491 salubrior
1019 1415 1141 1488 unda:

250 1535 300 1609 Et
317 1534 435 1610 forma
453 1547 492 1610 et
509 1536 652 1610 meritis
668 1547 709 1608 tu
728 1534 818 1608 mihi
837 1533 1006 1607 Phoebus
1023 1531 1110 1606 eris.

198 1650 260 1725 An
278 1660 399 1748 potes,
418 1652 441 1723 ὀ
458 1651 635 1751 scopulis,
654 1652 831 1747 undaque
849 1648 1005 1723 ferocior
1022 1647 1098 1735 illa,

253 1765 294 1839 Si
311 1767 457 1853 moriar,
475 1768 625 1841 titulum
643 1766 771 1840 mortis
789 1766 928 1839 habere
944 1762 1065 1838 mear?
1168 1761 1231 1838 190

199 1879 252 1954 At
269 1891 410 1978 quanto
428 1884 561 1956 melius
575 1883 683 1980 jungi
701 1905 786 1955 mea
803 1892 957 1979 pectora
973 1889 1111 1964 tecum,

251 1997 374 2082 Quam
391 2010 563 2098 poterant
580 2001 681 2073 saxis
699 1997 970 2098 praecipitanda
986 1994 1087 2068 dari!

200 2110 294 2186 Haec
312 2124 401 2187 sunt
418 2114 492 2201 illa,
512 2114 657 2202 Phaon,
677 2139 761 2211 quae
779 2124 821 2187 tu
838 2113 992 2187 laudare
1009 2109 1179 2198 solebam

249 2226 417 2329 Visaque
435 2243 523 2306 sunt
539 2232 650 2306 toties
668 2231 862 2361 ipgeniosa
877 2229 973 2345 tibi·

234 2519 289 2568 18³.
318 2519 417 2586 Grata]
446 2519 517 2579 Quod
537 2528 578 2569 ruo
601 2521 695 2571 nornine
745 2521 789 2570 cir.
816 2527 841 2569 et
860 2515 1071 2569 inferentium
1092 2516 1190 2566 Manrnr
1204 2512 1233 2563 alh

196 2601 289 2643 renata
306 2604 343 2645 ert
358 2595 490 2654 incolumia,
500 2603 526 2645 el
542 2610 620 2644 amora
634 2595 695 2645 libe·
745 2594 840 2644 metria:

196 2676 249 2717 rata
262 2676 330 2719 vator
343 2678 396 2720 tua.
428 2671 515 2736 Lyram
532 2669 622 2736 primns
639 2669 696 2718 lecit
778 2669 927 2718 continuam
942 2669 1008 2729 pedu
1028 2669 1082 2715 ianr
1101 2668 1128 2714 ἰι
1143 2664 1234 2714 narniae

197 2740 341 2792 Mercurius.
371 2743 493 2794 Earelata
509 2752 545 2793 ert
559 2743 693 2800 incoelum,
808 2745 863 2791 solor

199 2816 482 2881 mortnoOrpheo,lavore
488 2817 616 2884 Apouinir,
623 2832 695 2882 quem
778 2818 874 2865 Dicitur
885 2818 930 2865 luae
941 2816 1016 2864 eudem
1024 2814 1139 2876 praebeo
1148 2812 1235 2861 Pollrb

197 2887 325 2952 plurimum
345 2891 409 2956 apud
435 2891 521 2942 inseror
541 2890 694 2942 laudaverat:
809 2891 906 2953 Sappho.
1117 2888 1206 2938 Hm

199 2973 224 3010 et
239 2963 361 3013 voluntate
378 2965 455 3021 Jovis,
473 2966 514 3031 qui
534 2966 559 3014 id
580 2966 696 3016 conuenit
744 2963 817 3030 Apud
839 2964 945 3014 Persium
971 2962 997 3011 in
1018 2960 1138 3011 Prooenrio
1161 2960 1236 3019 heheu,

199 3037 307 3103 Calliope
317 3038 461 3096 filimmarri
469 3041 569 3106 Orphei.
601 3041 688 3091 Domr'a
747 3040 827 3088 Coroor
844 3040 927 3088 Pallor
946 3048 967 3087 el
985 3038 1090 3086 Parrus
1106 3040 1179 3100 pianr,
1198 3034 1235 3087 ιδ’

232 3113 336 3175 Pocula]
356 3114 426 3163 Parui
435 3114 569 3164 maluerim.
585 3123 651 3181 patet
660 3104 694 3165 'ex
745 3114 817 3163 eriam
833 3114 895 3163 male
905 3114 1001 3163 turbant
1018 3111 1126 3161 nonnulli
1141 3108 1237 3161 rodim.

198 3186 308 3250 aequanti
328 3202 409 3247 verau3
436 3197 460 3236 et
480 3188 515 3237 ric
540 3188 696 3239 Farnerianna
745 3204 823 3253 neque
850 3190 921 3238 etiam
944 3187 1042 3243 Poiirrr'r,
1062 3186 1138 3235 multo
1165 3184 1236 3235 minna

199 3274 254 3306 cum
265 3274 312 3306 uno
322 3274 383 3309 meo.
393 3261 499 3325 Propera.
509 3261 535 3310 ii.
547 3263 616 3326 Eleg.
627 3262 678 3311 xiv.
747 3261 833 3319 Po'e‘ris,
845 3262 909 3325 quod
920 3260 1028 3310 Claverio
1039 3258 1167 3317 arridebat,
1176 3259 1235 3324 igno·

233 3331 290 3379 Haec
305 3349 362 3394 pono
370 3342 488 3382 nurerum
500 3338 549 3392 rili,
561 3338 621 3391 diua,
637 3335 695 3384 Pro-
745 3343 770 3383 ta
790 3335 909 3385 veteribus
929 3335 1054 3392 voeabula,
1074 3333 1099 3382 in
1120 3332 1235 3383 civitaten

264 3408 425 3468 peniuredu.
571 3408 662 3457 llnrna.
746 3408 878 3458 Romanam
888 3408 1053 3458 admiscenda.
1069 3408 1160 3457 Buarr.

200 3478 336 3542 Naugerius
346 3488 412 3530 nour
426 3481 452 3529 in
462 3481 570 3531 omnibus
583 3482 632 3530 auia
647 3482 695 3546 legi
780 3483 837 3531 lao.
855 3484 912 3531 Cum
921 3482 1046 3547 profugum
1059 3484 1129 3544 porris
1143 3483 1188 3544 iper
1201 3492 1234 3527 re·

200 3554 305 3610 Po'c'licn,
314 3561 385 3618 atque
396 3554 430 3603 ira
440 3555 512 3603 etiarn
521 3554 607 3604 edidit.
638 3556 696 3604 Po'c'·
738 3556 807 3621 serre
819 3557 919 3620 predam]
936 3557 976 3605 Sic
992 3555 1121 3621 legendum
1136 3572 1165 3605 ea
1180 3551 1237 3605 anri·

199 3630 247 3676 tria
264 3634 336 3676 recte.
368 3628 463 3693 Sappho
481 3629 544 3677 enim
561 3646 603 3695 per
617 3630 696 3678 excel·
745 3630 799 3694 quia
809 3630 883 3680 libris.
915 3632 1047 3680 Fatautern
1061 3625 1236 3696 apostropheul

199 3700 299 3750 lentiam
321 3701 414 3749 Po'r'rrr'a
440 3701 513 3758 dicta,
533 3714 561 3750 ur
581 3703 696 3753 Homerur
746 3703 883 3754 Phaonem:
900 3702 1236 3770 indenullomodonihipro·

201 3775 283 3825 Po't'tn.
316 3774 424 3825 Galenus
433 3775 501 3832 libro,
514 3775 585 3824 animi
596 3776 696 3825 affectus
745 3778 822 3836 batur,
834 3795 886 3837 nec,
896 3788 923 3828 ut
933 3788 1001 3845 puto,
1010 3779 1122 3844 cuiquam
1138 3776 1235 3843 aliipro·

199 3849 696 3916 comectaneoaeasetemperaturadldv·
745 3853 850 3903 habitur.
875 3855 1011 3903 Crorruua.
1044 3854 1095 3915 lpse
1113 3850 1200 3918 aeripti.
1213 3856 1235 3897 et

199 3943 246 3984 τας
262 3925 311 3990 γὰρ
322 3923 563 3990 ἀκούομενὍμηρον
572 3927 619 3990 μὲν
628 3923 696 3990 λέγε-
745 3936 817 3977 recle.
852 3929 908 3977 Non
919 3928 981 3978 enim
992 3929 1017 3977 in
1025 3923 1235 3977 leucadiaml'ha·

200 4000 259 4049 σθαι
275 3998 394 4060 rathma,
407 3999 502 4064 ἳιιπφώ
517 3997 540 4048 δὲ
552 3998 695 4064 ποιήτριαν.
745 4018 788 4051 on:
824 4003 867 4053 aed
899 4003 924 4054 in
957 4002 1071 4061 Siciliam,
1098 3999 1234 4067 profugam·

200 4072 695 4124 aieetAElianodictalib.xv.Var.Athe·
745 4078 836 4128 Hnma.

200 4162 252 4196 aaa
269 4147 313 4196 lib.
323 4165 364 4197 xv.
382 4158 406 4199 et
417 4147 541 4199 Pausania
557 4148 582 4198 in
594 4147 694 4198 Arcadi·
