2896 4980
459 318 720 386 HEROIDES.
744 318 815 383 ΕΡ.
838 317 961 392 XVII.
1178 324 1245 391 266

200 494 278 568 Aut
294 492 385 567 milri
399 493 454 567 sie
471 494 593 566 visum
605 503 675 566 est.
697 515 870 588 egn,cum
883 492 1084 581 dubitaret,
1099 519 1146 569 an
1158 497 1239 584 iret,

203 646 208 655 ·
249 608 549 708 Quamprimum,
569 609 660 696 dixi,
680 608 738 681 lac
756 607 940 682 rediturus
958 633 1035 683 eas.

201 723 338 799 Omine
355 727 504 799 laetatus
522 725 628 799 dedit
644 724 799 797 oscula:
829 722 997 822 Resque,
1016 726 1240 825 domusque,

249 840 300 916 Et
317 842 387 916 tibi
405 843 456 915 sit
472 866 571 915 curoe
589 842 723 914 Troius
740 840 891 938 hospes,
911 840 975 914 ait.
1172 847 1242 917 160

199 955 274 1031 Vix
291 959 395 1032 tenui
414 958 542 1032 risum.
570 957 792 1056 quemdum
810 979 1048 1054 compescere
1065 957 1199 1045 luctor,

248 1072 313 1146 Nil
331 1074 384 1146 illi
402 1075 508 1172 potui
526 1072 662 1159 dicere,
681 1082 827 1171 praeter,
847 1069 941 1144 Erit.

198 1188 293 1264 Vela
311 1189 466 1287 quidem
486 1189 625 1263 Creten
643 1189 763 1262 ventis
781 1188 886 1261 dedit
903 1188 964 1261 ille
983 1188 1172 1262 secundis,

250 1304 328 1378 Sed
346 1317 388 1379 tu
406 1330 481 1378 non
499 1306 583 1378 ideo
602 1314 739 1378 cuneta
756 1303 867 1376 licere
881 1313 985 1400 puta.

199 1420 265 1495 Sic
282 1445 389 1494 meus
408 1421 495 1493 hinc
512 1421 567 1493 vir
584 1420 703 1504 abest,
723 1428 765 1491 ut
782 1441 842 1490 me
859 1418 1048 1492 custodiat
1065 1420 1214 1495 absens.

248 1536 309 1610 An
328 1536 451 1610 neseis
468 1537 599 1631 longas
616 1533 786 1629 Regibus
805 1556 889 1606 esse
906 1534 1065 1609 manus?
1171 1540 1240 1611 166

200 1650 317 1726 Fama
334 1676 487 1750 quoque
505 1662 564 1724 est
580 1650 695 1723 oneri.
730 1673 815 1722 nam
834 1674 909 1748 quo
926 1651 1159 1725 constantius
1177 1676 1241 1727 ore

249 1765 464 1841 Laudamur
479 1776 615 1853 vestro,
630 1763 769 1864 justius
793 1766 855 1839 ille
872 1767 991 1840 timet.

198 1928 297 1980 (litatem
317 1928 469 1980 cernendam.
487 1929 536 1979 vid.
559 1929 590 1978 ad
605 1928 695 1995 l'ellej.
746 1928 883 1994 ἄνθρωπον
893 1928 910 1989 ἡ
920 1928 1044 1993 βασιλῆος
1058 1928 1119 1986 luri,
1131 1931 1173 1979 sni
1188 1932 1242 1997 χείρ

199 2003 293 2053 Patere.
307 2007 330 2061 1,
341 2006 367 2052 2.
746 2001 899 2068 ὑπερμήκης.
926 2003 1064 2053 Crenaeus.
1097 2004 1242 2054 Paroerniuna

232 2078 285 2127 167.
303 2079 336 2127 At
345 2079 401 2125 milri
410 2080 538 2141 sicjussum
551 2077 606 2140 est]
621 2077 696 2126 Visum
746 2076 866 2134 Graecum,
888 2078 987 2143 Μακραὶ
1001 2076 1135 2144 τυράννων
1153 2082 1242 2145 χεῖρες.

199 2151 224 2201 in
239 2151 357 2208 omnibus,
375 2167 423 2201 non
432 2155 525 2213 jussum
541 2152 637 2217 legitur.
654 2152 696 2201 sed
746 2149 969 2216 videApostnlium.
988 2151 1120 2201 Humerus.
1147 2152 1201 2201 Hoc
1211 2153 1242 2202 de

200 2240 248 2283 nas,
258 2240 313 2275 cnm
330 2223 368 2274 bia
381 2241 411 2275 ex
423 2224 515 2274 Paridis
526 2225 633 2291 Epistola
643 2242 695 2274 ver·
746 2224 858 2274 ministris
876 2225 947 2290 regiis
962 2226 1075 2291 quosdam
1094 2226 1243 2292 interpretari

199 2299 262 2351 aba·
271 2299 414 2367 respondeat
423 2300 526 2357 Helena,
746 2298 779 2347 ait
794 2300 911 2349 Brunner.
930 2301 960 2349 ad
977 2301 1109 2367 Palaephat.
1125 2317 1180 2366 cap.
1198 2303 1241 2351 32.

231 2373 694 2431 Estr,u1daeimanaouti,rttxtrtrnrm,
745 2382 770 2421 et
790 2373 825 2422 ita
845 2377 937 2423 deutera
959 2375 1053 2423 cesaris
1074 2375 1191 2440 capienda
1217 2376 1242 2425 in

264 2448 351 2497 Curam
368 2465 411 2510 pre
429 2451 497 2505 nobis,
517 2450 615 2510 hospitis,
631 2464 696 2504 uxor,
746 2447 830 2511 Elegia
844 2449 870 2498 in
884 2449 973 2498 obitum
987 2450 1127 2498 Maecenat'u
1144 2451 1183 2498 13.
1201 2452 1242 2498 ubi

292 2540 357 2587 agas,
368 2522 415 2571 dte.
746 2522 817 2571 miser
826 2532 851 2571 et
867 2523 950 2572 lexicis
962 2523 1011 2572 suis
1021 2523 1147 2572 destitutus
1158 2523 1242 2572 Goral·

199 2594 427 2660 Jmtegsndum
442 2594 593 2644 credidimus.
626 2596 696 2644 Nau·
746 2595 792 2652 lus,
805 2595 877 2645 vellet
891 2596 987 2661 quidem
1004 2596 1038 2645 ita
1049 2595 1205 2660 interpretari,
1221 2598 1242 2645 si

200 2686 299 2720 eurus.
316 2671 349 2718 Ar
358 2671 414 2717 mili
423 2672 455 2717 rie
466 2672 538 2717 uisum
548 2679 580 2717 ert
590 2669 696 2735 plerique
746 2669 880 2735 exemplum
890 2687 920 2719 ex
931 2671 1072 2735 antiquitate
1083 2669 1179 2734 proferri
1189 2687 1242 2736 pos·

198 2741 286 2809 seripti.
320 2742 457 2791 Puteaneus
469 2750 494 2790 et
504 2740 635 2798 Leidensis,
648 2744 696 2790 Aut
746 2752 791 2791 set.
808 2759 969 2792 succurramus
979 2743 1077 2808 pauperi
1087 2751 1111 2791 et
1121 2742 1192 2792 simul
1202 2761 1242 2794 su·

199 2817 252 2865 salt
260 2819 293 2866 sie
301 2819 376 2865 mum
392 2826 434 2865 est.
444 2830 508 2871 uere.
518 2815 582 2881 quod
593 2824 617 2864 et
628 2815 695 2864 Dou·
746 2818 818 2880 perbo
824 2815 977 2882 Philosopho.
988 2816 1076 2866 Claud.
1088 2815 1115 2864 ii.
1123 2816 1148 2866 in
1160 2817 1243 2869 Rufin.

198 2891 370 2941 namnetas.
398 2891 530 2940 Humerus.
563 2889 696 2939 Douaahic
747 2890 804 2938 261.

198 2963 309 3015 &mrum
337 2967 473 3015 observasse
501 2966 608 3015 notabat.
641 2964 698 3031 quia
779 2964 1222 3025 Spemisnetnasdaccpttmrdestrasl

197 3036 243 3089 leae
252 3038 312 3089 dicit
327 3055 353 3090 se
365 3039 484 3103 surrigens
493 3040 595 3097 Helena,
606 3040 651 3089 sibi
663 3038 697 3088 vi-
748 3037 795 3086 Ubi
806 3036 919 3086 Barthius
926 3037 1050 3093 videndus,
1058 3047 1083 3086 et
1093 3036 1136 3084 lib.
1143 3037 1178 3086 si.
1187 3038 1242 3089 adv.

197 3126 248 3163 am
260 3112 333 3163 fune
351 3128 463 3178 magnam
479 3129 595 3170 caussam,
614 3131 644 3163 ne
662 3113 697 3163 vi·
747 3113 789 3160 26.
800 3120 825 3159 et
839 3110 874 3159 ita
890 3127 970 3158 maurus
982 3111 1054 3159 etiarn
1070 3109 1189 3170 dicuntur,
1199 3114 1241 3178 qui

197 3184 281 3237 dnm
297 3186 417 3251 regiorum
431 3187 581 3236 comilinrum
594 3188 696 3245 conscia,
747 3185 805 3234 alies
829 3183 950 3248 adjuvant,
969 3183 1033 3250 apud
1055 3183 1172 3233 Comicus.
1199 3186 1241 3235 sed

197 3268 222 3310 et
235 3259 346 3310 maritum
362 3260 464 3318 futilem,
475 3261 515 3326 qui
526 3261 625 3312 consilia
642 3278 697 3311 cum
747 3259 798 3308 brec
808 3258 875 3307 alias.
886 3258 925 3308 lrlc
932 3259 962 3308 de
972 3259 997 3308 vi
1005 3268 1030 3309 et
1036 3267 1160 3325 potestate,
1170 3276 1242 3325 quem

196 3330 447 3391 asmecummunicat,
457 3335 521 3400 quod
530 3335 635 3402 principe
646 3335 697 3385 viro
747 3331 827 3397 Reges
846 3331 918 3381 etiam
938 3331 1040 3397 longius,
1056 3347 1129 3397 quam
1149 3330 1242 3398 imperii

196 3406 328 3473 indignum.
746 3407 805 3457 lines
825 3406 952 3472 pertinent,
973 3405 1102 3456 extendere
1120 3406 1241 3457 dicuntur.

229 3482 284 3533 169.
300 3483 397 3546 litturae,
417 3483 558 3546 domitaque]
585 3482 695 3531 Furmula
746 3480 838 3530 uid.ad
855 3481 972 3539 Quinctil·
983 3480 1055 3531 Decl.
1066 3481 1119 3530 xiii.
1132 3482 1157 3530 6.
1175 3491 1200 3531 et
1209 3483 1243 3531 si·

196 3553 325 3605 sollemnia.
342 3553 423 3605 Tibul.
434 3554 452 3603 i.
463 3555 534 3619 Eleg.
546 3573 571 3604 x.
744 3553 796 3603 mili
803 3555 892 3605 ratione
898 3554 1018 3604 Lucienus
1027 3554 1052 3604 in
1061 3554 1175 3604 Mercede
1185 3571 1241 3605 eon·

227 3628 344 3679 Damus
357 3645 401 3692 pre
410 3645 453 3692 quo
463 3645 552 3692 usique
563 3632 695 3693 demumque
744 3628 823 3679 ductis
833 3628 899 3685 dicit,
912 3629 1013 3694 Regibus
1022 3631 1242 3690 maturescentes,

260 3712 334 3753 tuam.
744 3705 802 3770 quia
812 3713 836 3753 et
845 3719 887 3770 per
897 3703 1021 3759 ministros,
1031 3704 1072 3768 qui
1083 3703 1146 3767 apud
1158 3703 1241 3752 Persas

197 3774 246 3827 tui
260 3776 355 3835 dubita,
372 3792 403 3826 an
424 3784 487 3826 reete
506 3776 550 3827 boc
567 3778 695 3828 sollicitent
744 3779 807 3828 oculi
822 3787 847 3826 et
857 3793 926 3826 aures
941 3777 1003 3842 regis
1018 3777 1165 3833 dicebantur,
1177 3777 1240 3839 (vid.

197 3849 324 3901 riridncti.
355 3851 446 3900 Bunu.
745 3853 888 3903 Brisson.ed
901 3853 964 3916 Reg.
973 3853 1040 3900 Pers.
1051 3851 1095 3898 lib.
1107 3851 1124 3898 i.
1133 3867 1157 3914 p.
1170 3852 1240 3913 125.)

230 3926 287 3975 166.
304 3927 343 3975 Aa
361 3929 432 3974 nescis
447 3928 525 3992 longas
542 3930 633 3993 regibus
652 3944 696 3975 esse
744 3927 823 3977 omnia
833 3928 880 3976 illis
891 3926 1012 3991 explorata
1021 3934 1084 3973 sunt.
1118 3925 1207 3972 Bunsr.

196 3998 303 4062 muel]
323 4000 466 4064 Expressum
475 4000 569 4051 videtur
579 4019 608 4050 ex
620 4002 694 4050 Hero·
778 4003 833 4050 167.
851 4001 922 4048 Fama
938 4015 1022 4062 quoque
1032 4007 1063 4046 est
1077 3998 1163 4060 emt]
1182 3997 1241 4045 Imi-

198 4071 261 4130 data,
278 4072 343 4141 apud
354 4089 426 4139 quern
443 4074 487 4124 lib.
500 4075 543 4123 xii.
556 4092 616 4140 pene
632 4084 694 4123 extr.
745 4085 807 4126 tatus
816 4073 962 4124 Claudianus
972 4072 1041 4120 Bello
1052 4069 1214 4121 (reticuere.

198 4144 348 4199 Alexander:
372 4148 422 4199 rat
442 4151 490 4215 γὰρ
509 4148 614 4215 δύναμις
634 4149 694 4213 ὑπὲρ
776 4148 1151 4212 Jumqueunericredunturnpes.
