2896 4980
196 366 262 433 192

488 364 526 429 P.
551 361 711 429 OVIDII
736 364 948 431 NASONIS

196 539 249 614 At
265 562 352 613 curn
369 562 410 613 se
428 536 540 612 Titan
557 538 733 625 ostendit,
752 549 792 612 et
808 540 934 614 omnin
950 562 1103 631 secum;
1168 546 1230 619 135

245 655 338 729 Tam
356 656 431 728 cito
449 680 509 729 me
527 679 678 729 somnos
695 654 913 731 destituisse
931 681 1080 755 queror.

196 772 316 845 Antra
331 796 539 868 nemusque
557 783 665 870 peto;
695 784 888 870 tamquam
907 799 1040 847 nemus
1058 785 1231 873 antraque

247 887 409 962 Conscia
427 889 571 962 deliciis
590 890 654 962 illa
670 887 774 962 fuere
792 891 879 961 tuis,

1067 888 1221 989 [prosint

197 1003 291 1077 Illuc
306 1005 441 1078 mentis
461 1006 580 1103 inope,
600 1016 773 1104 utquam
790 1006 931 1079 furialis
951 1004 1132 1079 Erichtho

247 1119 412 1219 Impulit,
432 1120 469 1192 in
487 1121 585 1193 colio
602 1120 704 1194 crine
718 1124 882 1219 jacente,
901 1120 1010 1196 feror.

196 1235 314 1309 Antra
330 1237 458 1310 vident
475 1237 574 1309 oculi
592 1239 726 1311 scabro
745 1239 949 1337 pendentia
966 1238 1095 1337 topho,

246 1351 341 1436 Quae
358 1353 450 1425 mihi
469 1352 667 1451 Mygdonii
686 1356 880 1428 marmoris
898 1355 1016 1428 instar
1032 1363 1150 1428 eraut.

195 1644 238 1675 erre
258 1627 336 1690 mitit]
363 1626 417 1675 Nun
439 1630 492 1675 libet
511 1629 573 1676 bene
594 1637 695 1693 quatuor

195 1701 259 1749 iibri.
295 1700 385 1765 Opinor
395 1701 560 1750 scribendum:

228 1803 326 1813 -—
335 1776 379 1825 Sed
389 1778 525 1840 orruriofierr'

230 1850 260 1897 Et
262 1854 344 1912 jurat,
352 1862 374 1899 et
383 1854 430 1899 sine
437 1861 458 1899 te
466 1870 508 1899 mur
518 1853 570 1899 libet
580 1868 623 1899 este
631 1853 694 1899 mihi.

195 1926 263 1989 Saepe
286 1927 338 1973 iihet
358 1926 383 1974 in
404 1929 457 1974 ticet
478 1926 639 1989 degenerarit.
660 1926 695 1976 sic

196 2000 239 2047 lib.
251 1999 277 2048 ii.
290 1998 343 2048 Art.
356 2000 413 2047 Am.
424 2000 450 2048 ii.
462 2002 520 2048 327.

227 2100 325 2111 --
337 2074 470 2138 erotr'esque
481 2078 564 2133 iihedit,

230 2148 286 2201 ere
295 2148 382 2213 efferes
392 2150 437 2206 itti,
447 2153 532 2197 somm'o
543 2154 595 2199 lete
606 2154 666 2200 uide.

197 2222 306 2271 Fastvi.

229 2296 279 2345 Nee
290 2298 351 2354 libet,
361 2306 383 2345 st
396 2298 489 2362 iougrsm
500 2308 533 2346 ert
543 2300 621 2361 spelm
637 2316 692 2347 ner·

257 2386 313 2417 esre
325 2370 435 2418 Deorum.

195 2444 235 2491 Ita
243 2442 302 2491 locis
311 2442 363 2491 istis
371 2443 529 2491 scribendum.
560 2443 693 2493 Hesusms.

195 2517 272 2566 Nuils
288 2516 328 2566 hie
344 2515 425 2566 mendi
441 2514 544 2581 suspicio
561 2516 695 2581 interpreti·

194 2592 241 2641 bus
260 2592 356 2641 suborta
373 2590 428 2639 ruit.
446 2590 510 2656 qnod
531 2591 615 2639 miror:
638 2606 694 2639 nam

195 2665 265 2715 facile
292 2674 359 2732 patet
382 2666 463 2731 jejune
486 2664 613 2714 admodum
632 2664 694 2714 illud

195 2738 290 2805 subjici,
302 2750 325 2787 et
341 2743 389 2788 sirre
399 2750 420 2787 te
437 2757 482 2787 non
500 2741 553 2787 litet
569 2756 613 2788 esse
627 2741 693 2788 rrrihi.

196 2814 259 2878 quod
271 2811 344 2861 etiarn
354 2813 385 2861 de
400 2829 477 2862 eruore
493 2812 594 2869 modico,
607 2822 633 2862 et
646 2814 694 2879 pri·

195 2903 260 2936 muru
279 2887 393 2935 natudici
410 2897 497 2951 posset.
515 2886 554 2935 vis
571 2887 634 2935 enirn
650 2887 694 2937 du-

195 2976 246 3008 rare
263 2960 313 3009 sine
330 2969 433 3009 amatore
451 2978 493 3009 suo
509 2960 610 3027 puellae,
622 2978 695 3026 quam

195 3033 296 3098 primum
308 3044 377 3082 taetre
389 3043 452 3087 sunt,
465 3044 542 3099 posse,
556 3044 637 3083 notum
648 3045 693 3085 est.

195 3118 220 3154 et
230 3106 272 3154 illa
291 3107 378 3155 locutio
394 3110 482 3162 sinete,
494 3108 553 3154 nihil
571 3107 616 3156 nisi
634 3125 693 3173 prm·

195 3180 295 3228 sentiam
322 3182 440 3235 amatoris,
463 3197 535 3245 quam
561 3180 694 3229 desiderare

197 3252 297 3308 ridetur,
309 3254 414 3302 indicare
432 3263 519 3319 potest.
537 3255 571 3302 ita
587 3254 621 3302 iii.
636 3254 693 3302 Am.

197 3327 229 3375 si.
240 3344 294 3375 curu
306 3328 416 3376 dixisset:

231 3400 361 3462 Nequitiam
373 3402 454 3467 jirgio,
468 3402 600 3465 fugientem
614 3402 695 3466 sermo

261 3478 360 3522 reducit.

197 3548 255 3595 Mox
267 3547 347 3595 addit:

229 3623 267 3671 Sic
277 3640 317 3688 ego
328 3641 368 3672 nee
376 3627 426 3672 sine
437 3634 466 3680 te,
477 3641 518 3672 nee
533 3633 607 3671 tecum
621 3626 694 3671 viuere

259 3714 358 3759 possum

1168 1123 1231 1193 140

744 1629 808 1677 Met.
819 1629 877 1677 484.
888 1628 915 1677 ii.
925 1628 978 1676 Art.
988 1627 1044 1676 Aru.
1053 1644 1078 1677 v.
1088 1627 1145 1677 6113.
1170 1626 1233 1675 Bne·

745 1719 860 1751 rssssus.
893 1702 1017 1751 Audacius
1024 1709 1100 1758 certe,
1108 1714 1234 1765 quemue·

744 1776 805 1825 tius!
836 1774 963 1824 Prssieram
989 1774 1101 1840 equidem
1121 1772 1235 1829 timrei,

745 1849 788 1897 riri
816 1848 993 1913 elegantissimi,
1018 1849 1185 1915 conjecmrsrn,
1212 1844 1235 1893 is

742 1926 853 1984 prerieuiis
872 1924 967 1979 criticis,
987 1937 1014 1987 p.
1034 1922 1094 1971 278.
1114 1918 1236 1985 lemtim

745 1997 877 2051 censentis:

778 2072 884 2134 EtJrruot
894 2080 916 2119 et
925 2072 974 2118 sine
985 2080 1007 2117 te
1016 2070 1048 2117 eie
1059 2070 1113 2117 lites
1123 2084 1166 2117 esse
1174 2066 1235 2115 neti.

744 2145 791 2193 Sed
812 2144 871 2193 forte
893 2141 953 2192 nihil
980 2141 1138 2215 mutendnrns
1162 2146 1237 2207 petest

744 2218 807 2268 enim
818 2217 971 2281 hierulgntsr
986 2230 1146 2266 senensesse:
1163 2216 1237 2277 etjrr·

742 2302 790 2349 unt,
801 2301 826 2340 et
837 2292 882 2340 sert
897 2290 981 2347 libido,
991 2297 1019 2337 ut
1028 2302 1179 2353 quocumque
1188 2296 1237 2337 tert·

743 2366 797 2416 dem
812 2366 883 2415 modo
900 2375 980 2414 tecum
998 2362 1060 2423 sim3
1081 2379 1137 2412 usur
1153 2365 1201 2411 εἰσ
1217 2372 1238 2411 te
1263 2398 1266 2409 .

743 2456 794 2489 esse
805 2456 853 2489 non
864 2442 927 2489 tibet.
944 2440 1058 2487 husee.

777 2516 833 2563 139.
869 2515 971 2561 Furislis
993 2510 1112 2576 Erichts]
1146 2508 1238 2561 Fsiehte

742 2588 879 2637 thessalica
893 2587 1009 2642 venefica,
1031 2586 1081 2635 sire
1102 2600 1173 2650 mags
1188 2582 1239 2641 furit.

743 2663 811 2728 enjus
832 2678 903 2728 opera
924 2660 1051 2727 Pompejns
1071 2674 1167 2725 quoqne
1186 2672 1240 2709 usu

744 2737 798 2785 tuit.
814 2737 844 2784 de
864 2749 913 2800 qua
933 2734 1023 2801 prolixe
1045 2733 1137 2781 Imm.
1152 2729 1196 2781 lib.
1209 2729 1240 2781 ri.

743 2811 786 2860 sed
803 2810 842 2859 hic
854 2809 955 2858 Ovidius
972 2824 1013 2873 pro
1028 2805 1132 2871 generali
1148 2804 1240 2855 nonius

743 2886 901 2934 veneticorum
912 2882 1016 2949 puniisse
1026 2880 1130 2936 ridetur,
1140 2878 1240 2947 speeiem

744 2977 786 3026 pro
796 2974 881 3024 genere
892 2956 1036 3023 usurpando.
1054 2956 1152 3004 Mrcrrr..

779 3035 834 3081 140.
867 3030 986 3094 Impulit]
1021 3030 1122 3077 Abstulit
1149 3042 1239 3094 tepus,

744 3108 839 3172 propius
848 3105 959 3154 insistens
969 3102 1075 3167 vestigiis
1090 3101 1183 3167 scripto
1193 3099 1239 3149 lee-

744 3182 822 3229 tionis.
839 3182 931 3228 Hurxs.
964 3179 1015 3242 tho
1030 3176 1173 3242 conjecmm
1186 3172 1239 3223 huit

745 3256 836 3304 Heinsii
854 3253 951 3302 minime
970 3251 1078 3301 assentiri
1093 3266 1197 3316 possum
1214 3255 1240 3297 st

744 3329 786 3393 qui
799 3331 889 3391 impulit
907 3327 981 3375 rnulto
999 3324 1113 3389 gravioris
1126 3322 1239 3387 sipih-

745 3403 815 3451 tionis
831 3404 928 3450 verbum
948 3410 1038 3466 putem.
1050 3412 1123 3463 quem
1140 3398 1239 3447 edrteiih

745 3478 823 3526 ethic
842 3477 872 3523 de
891 3476 975 3530 tutore,
992 3474 1030 3521 rel
1048 3472 1071 3522 ei
1091 3483 1156 3523 certe
1172 3468 1239 3521 desili

745 3550 869 3599 affectione
880 3550 967 3612 agitur.
985 3547 1125 3612 Sequentia,
1142 3546 1173 3595 Is
1188 3546 1240 3595 esth

744 3629 807 3673 crine
812 3629 915 3687 jacinte,
927 3632 953 3671 ut
967 3621 1106 3671 vaticinanti
1116 3630 1141 3671 et
1151 3620 1239 3671 tuum

745 3699 896 3764 respondent,
918 3707 942 3744 et
961 3696 1080 3762 precipue
1101 3695 1136 3745 ita
1149 3692 1239 3743 verim

197 3772 257 3829 Quae
268 3787 323 3819 curn
334 3770 368 3819 ita
383 3768 438 3825 sint,
449 3770 531 3834 quanti
548 3786 595 3818 non
606 3769 694 3819 facien·
736 3774 807 3838 seror
814 3774 908 3837 egregie
917 3771 1037 3835 congruit:
1051 3770 1118 3819 rme
1128 3766 1238 3819 enimin·

195 3846 241 3895 dus
250 3845 325 3894 codex
336 3846 376 3894 ille
388 3845 596 3901 Francosurtensis,
606 3846 647 3910 qui
658 3863 695 3895 so·

195 3920 233 3969 lus
243 3921 345 3969 servavit
356 3927 468 3975 veterem,
479 3928 503 3967 et
517 3916 613 3983 reliquis
624 3919 694 3969 libra-

197 3995 237 4043 riis
248 4012 293 4043 nou
305 3995 451 4045 intellectum
461 3993 615 4059 scripturam:

232 4070 346 4131 Etjurut,
358 4080 380 4118 et
390 4072 448 4118 sicca
460 4086 504 4117 uon
517 4071 568 4116 iicet
579 4086 622 4117 esre
633 4071 696 4117 mihi.

197 4143 334 4208 Iegendum
360 4144 468 4193 nimirum
495 4142 593 4192 minima
619 4151 695 4192 muts-

197 4218 260 4268 tione
286 4223 358 4272 sicce.
386 4220 420 4269 sic
440 4219 504 4285 apud
526 4218 639 4269 Nostrum
660 4218 694 4265 ix.

745 3848 807 3912 puisi
829 3846 902 3903 furiis,
923 3854 948 3893 et
965 3844 1103 3909 gravissima
1122 3840 1238 3910 pertuffl·

745 3921 808 3968 tione
819 3920 913 3975 mentis,
926 3918 1018 3984 proprie
1028 3917 1150 3967 dicuntur.
1162 3914 1238 3965 tiores

745 3994 763 4041 i.
775 3996 826 4041 Sat.
837 3993 871 4040 iv.
883 3994 925 4040 30.

777 4092 874 4103 -—-
886 4064 950 4118 Quin
958 4080 1000 4125 per
1009 4066 1072 4114 mule
1079 4078 1177 4127 preceps

779 4140 874 4190 fertur.
884 4164 981 4177 --
1123 4136 1209 4187 Buss.
