2896 4980
450 308 675 375 AHOBUM.
721 309 811 373 un.
836 308 888 372 11.
911 310 963 373 19.
1170 310 1240 377 m

194 484 263 573 Ille
280 496 406 585 potest
421 508 539 557 vacuo
555 484 668 556 furari
684 484 793 556 litore
810 506 954 567 arenas,
1186 489 1236 558 45

243 600 409 674 Uxorem
427 600 532 673 stulti
548 600 581 672 si
598 601 685 697 quis
699 624 826 673 amare
844 610 984 698 potest.

193 718 353 815 Jamque
369 740 441 813 ego
458 740 693 813 praemoneo:
723 717 792 788 nisi
812 727 853 789 tu
872 740 1019 789 seruarc
1037 718 1201 814 puellam

243 833 396 933 Incipis,
415 832 570 929 incipiet
586 833 760 907 desinere
777 856 863 907 csse
880 856 977 905 meu.

196 948 317 1023 Multa
331 949 474 1045 diuque
490 948 580 1021 tuli:
608 949 755 1046 speravi
773 972 877 1046 saepe
894 948 1072 1032 futurum,

242 1064 342 1139 Cum
359 1065 457 1138 bene
474 1065 678 1149 servisses,
697 1077 739 1137 ut
756 1064 855 1137 bene
870 1063 988 1136 verbu
1003 1062 1146 1141 darem.
1188 1068 1237 1139 50

196 1180 334 1256 Lentus
350 1204 405 1265 es,
421 1191 460 1253 et
476 1179 616 1278 pateris
634 1180 726 1253 nulli
743 1179 924 1277 patienda
941 1178 1096 1263 murit03

242 1294 295 1368 At
309 1295 401 1368 mihi
418 1295 589 1368 concessi
607 1294 691 1367 finis
710 1294 846 1369 amoris
864 1294 947 1367 erit.

197 1409 348 1485 Scilicet
365 1409 493 1483 infelix
511 1433 715 1507 numquam
735 1410 962 1508 prohibebor
980 1409 1109 1483 adire?

246 1524 332 1598 Nox
350 1523 442 1596 mihi
459 1525 529 1597 sub
547 1525 650 1597 nullo
667 1525 814 1599 vindice
833 1548 983 1623 semper
1000 1525 1096 1599 criti

197 1639 260 1714 Nil
276 1639 463 1713 metuam?
490 1664 557 1736 per
573 1640 675 1713 nulla
691 1641 837 1714 traham
855 1640 1016 1739 suspiria
1033 1644 1212 1715 somnus?

246 1753 311 1828 Nil
328 1754 456 1840 facies,
474 1778 541 1827 cur
558 1765 596 1828 te
609 1756 695 1851 jure
712 1756 856 1855 perisse
872 1757 1007 1830 velim?
1191 1764 1240 1833 66

197 1869 296 1955 Quid
313 1869 404 1943 mihi
422 1893 508 1942 cum
526 1869 637 1955 sacili,
657 1871 750 1967 quid
768 1896 856 1945 cum
873 1873 1007 1949 lenone
1026 1874 1159 1955 ruaritu
1170 1876 1184 1949 'l

246 1983 466 2083 Corrumpis
483 1985 573 2059 vitio
590 1987 728 2082 gaudia
745 1999 873 2063 nostra
888 1999 966 2063 tun.

198 2102 297 2193 Quin
314 2103 440 2188 alium,
459 2126 574 2199 quem
592 2114 696 2177 tanta
707 2104 815 2200 juvet
832 2104 1026 2203 patientia,
1047 2106 1210 2203 quaeris?

247 2216 313 2293 Me
330 2218 398 2293 tibi
417 2217 569 2293 rivalem
586 2220 618 2291 si
631 2221 740 2317 juvat
758 2243 854 2305 csse,
874 2231 971 2293 veta.
1193 2224 1242 2287 llll

229 2478 270 2527 ⁴9·
304 2476 391 2533 HM·
415 2480 499 2540 diuque
521 2477 587 2541 tuli]
615 2478 691 2527 Recte
743 2476 796 2526 libri
807 2477 869 2525 tertii
881 2476 994 2523 rimorum
1008 2474 1070 2521 Nutu

199 2558 320 2616 Uirumque
339 2550 473 2615 conjunxit:
495 2550 608 2618 potuisset
628 2551 692 2600 cuim
778 2550 857 2597 rllullu
877 2552 961 2611 diuque
982 2550 1035 2601 tuln,
1056 2548 1115 2591 tulin
1133 2552 1242 2603 pulverum

199 2624 249 2683 diu,
261 2624 304 2675 ted
321 2641 399 2691 pauca
416 2626 488 2675 terre:
505 2634 530 2675 et
546 2642 559 2674 e
576 2624 694 2675 contrario
810 2625 869 2671 rictu
880 2632 923 2668 nr.
1098 2616 1210 2663 lituu-1.

199 2698 314 2755 nullut
324 2715 370 2748 uon
380 2697 429 2747 diu.
445 2698 484 2747 Sic
495 2698 580 2747 Cicero
591 2699 616 2746 in
627 2696 693 2745 lihe-
747 2696 824 2743 Recte
838 2694 936 2743 Murius.
953 2700 989 2737 cu
1003 2706 1065 2739 uuuu
1077 2686 1143 2753 qrrml
1159 2702 1186 2733 un
1201 2690 1230 2733 lm

198 2771 284 2829 utitis,
296 2772 357 2834 &pc
370 2782 391 2821 et
402 2773 499 2820 multum
508 2773 550 2819 luco
560 2788 643 2819 mecum
659 2786 695 2817 cu·
747 2766 813 2817 mule
822 2766 922 2815 dictum.
934 2765 983 2815 vlu.
993 2764 1023 2813 ml
1036 2762 1077 2811 lrlr.
1086 2756 1120 2809 iu.
1134 2760 1200 2821 Μικ-
1214 2774 1244 2807 ur.

196 2848 280 2911 litari.
312 2845 351 2895 Sic
372 2845 444 2895 eriam
464 2845 551 2911 Elegia
571 2842 695 2895 undecima
748 2859 807 2893 vers.
818 2841 835 2893 i.
871 2842 959 2891 lluuu.
