2904 4994
195 312 262 379 tm
490 310 529 377 P.
553 310 715 379 ov1n11
741 306 957 378 NASONIS

197 483 303 571 Vive,
324 484 443 571 Deus,
463 486 598 584 posito,
618 487 649 559 si
669 486 755 583 quis
773 486 864 559 mihi
882 485 996 570 dicat,
1016 500 1167 572 amore3
1200 488 1247 558 at

249 599 452 699 Deprecer.
504 625 625 699 usque
666 603 762 677 adeo
803 602 914 676 dulce
948 601 1077 698 puella
1111 600 1246 675 malurn

347 729 419 791 est.

197 828 297 905 Cum
324 832 421 907 bene
439 844 641 931 pertesum
666 844 738 919 est,
757 832 960 928 animoque
986 830 1175 927 relanguit
1191 852 1246 903 ar·

247 945 388 1022 Nescio
407 970 483 1044 quo
501 948 646 1021 miserae
664 947 814 1022 turbine
832 947 969 1020 mentis
987 966 1093 1042 agor.
1151 946 1243 1041 [don

198 1062 252 1137 Ut
269 1065 368 1163 rapit
385 1064 423 1136 in
440 1087 611 1161 praeceps
629 1062 834 1149 dominum,
855 1061 1070 1160 spumantia
1087 1059 1224 1134 frustra

247 1177 368 1253 Frena
384 1189 646 1263 retentantem,
665 1178 791 1252 durior
808 1176 883 1251 oris
900 1198 1045 1274 equus:
1199 1180 1245 1248 30

198 1290 253 1368 Ut
269 1295 430 1380 subitus,
449 1318 567 1393 prope
581 1297 660 1391 jam
678 1296 817 1392 prensd
836 1293 982 1378 tellure,
1001 1292 1170 1367 carinam

246 1408 481 1507 Tangentem
499 1422 629 1508 portus
647 1422 781 1483 ventus
800 1411 838 1483 in
857 1409 934 1483 alta
950 1409 1070 1506 rapit:

198 1524 262 1598 Sic
281 1550 341 1599 me
359 1550 462 1624 saepe
480 1525 593 1599 refert
610 1527 754 1600 incerta
771 1525 972 1624 Cupidinis
990 1548 1104 1612 aura3

247 1640 424 1739 Notaque
442 1665 652 1740 purpureus
670 1643 747 1715 tela
763 1641 920 1714 resumit
936 1639 1069 1712 Amor.

198 1755 302 1852 llige,
322 1780 437 1854 puer;
466 1757 599 1856 positis
618 1757 742 1831 nudus
759 1756 829 1829 tibi
847 1755 1018 1853 praebeor
1034 1754 1163 1828 armis.
1199 1759 1244 1827 35

248 1870 321 1944 Hic
340 1872 408 1945 tibi
426 1873 502 1946 sint
517 1873 636 1946 vires:
665 1873 726 1945 hic
745 1883 812 1945 tua
828 1873 964 1945 dextra
979 1869 1083 1943 facit.

198 1983 297 2072 Huc,
316 1997 510 2084 tamquam
524 1991 655 2084 jussae,
666 1988 821 2061 veniunt
833 1989 914 2084 jam
931 1995 1069 2085 sponte
1085 1986 1242 2083 sagittae.

247 2099 323 2173 Vix
342 2101 414 2173 illis
433 2126 509 2200 prae
528 2126 589 2175 me
607 2112 696 2176 nota
713 2103 889 2201 pharetra
906 2124 976 2176 sua
992 2111 1065 2174 est.

199 2213 348 2301 Infelix,
367 2216 446 2289 totd
464 2217 695 2315 quicumque
713 2217 910 2315 quiescere
928 2226 1040 2290 nocte

251 2329 434 2416 Sustinet,
453 2343 493 2404 et
509 2356 660 2405 somnos
679 2331 833 2431 praemia
850 2355 988 2428 magna
1006 2345 1129 2406 vocat.
1199 2336 1245 2404 40

199 2624 266 2673 miles
287 2636 373 2683 noster,
392 2638 419 2675 ut
439 2628 529 2675 centies
550 2629 616 2676 dicit.
654 2630 697 2676 tte·
751 2630 894 2696 Papinianus
902 2626 1245 2692 ait)omnemomninosuciendr

189 2698 304 2761 junctum
329 2703 407 2761 puelld
431 2703 480 2766 jam
503 2701 581 2750 rivere
606 2712 699 2767 tempus
749 2722 839 2752 cantum
856 2706 1021 2764 complectitur,
1038 2705 1121 2755 dandi,
1144 2703 1246 2754 wicardi,

196 2781 256 2826 erat,
270 2772 294 2819 id
312 2783 356 2829 est,
370 2776 420 2840 jani
440 2775 540 2823 liberum
551 2787 575 2823 et
591 2777 698 2840 deposita
749 2782 894 2833 numerandi,
898 2781 1034 2840 judicandi,
1044 2779 1187 2831 ambulandi,
1198 2778 1244 2822 red·

197 2845 248 2908 ejus
259 2845 390 2910 cupiditate
402 2858 425 2896 ct
440 2864 518 2896 amore
536 2848 663 2897 immunem
675 2859 698 2897 et
749 2856 832 2900 dendi:
851 2853 891 2916 qui
903 2862 983 2900 autem
994 2849 1083 2899 otiosus
1093 2859 1139 2905 est,
1148 2850 1205 2898 nihil
1215 2850 1246 2897 ia-

198 2920 265 2981 quasi
277 2921 399 2969 emeritum
411 2923 500 2970 vivere.
537 2924 625 2971 Brun.
749 2942 802 2974 cere
823 2924 917 2972 dicitur.
952 2924 1016 2978 Har,
1034 2923 1059 2970 in
1080 2939 1130 2971 me.
1162 2925 1193 2971 Sa
1210 2923 1246 2985 (ut

230 2994 271 3041 31.
288 2994 342 3041 lom
359 3013 433 3057 prena
452 2998 556 3059 tellure]
578 2997 700 3045 fflitiones
749 2999 832 3064 supra)
843 2997 955 3047 ostendit.
987 2998 1104 3045 Mantus.

198 3066 281 3129 priscae
289 3078 313 3116 et
322 3070 417 3134 plurimi
425 3071 506 3134 scripti
512 3088 586 3132 presso
597 3071 699 3129 habent;
782 3075 823 3119 38.
845 3072 886 3118 l'ir
897 3073 953 3119 ullis
964 3088 1012 3133 pra
1028 3082 1127 3118 merrom
1143 3072 1246 3133 pharetro

196 3156 278 3199 premo
299 3144 399 3207 probant
421 3144 512 3191 Marius
532 3154 556 3191 et
575 3144 698 3193 Ciolonus.
750 3157 789 3194 tuo
801 3147 857 3209 est]
877 3146 1083 3201 Douramalebat‚
1100 3145 1142 3192 l'ir
1152 3147 1244 3206 allrpn

198 3224 324 3278 utrumque
343 3217 438 3280 quidem
461 3229 524 3266 recte
543 3219 638 3275 dicitur,
657 3219 699 3266 sed
750 3239 784 3269 me
801 3232 855 3268 noto
869 3221 978 3281 pharetro
992 3230 1033 3266 tuo
1049 3230 1092 3267 est.
1117 3236 1164 3268 nec
1180 3217 1246 3268 etiam

198 3284 292 3335 diversa
319 3291 504 3353 significatione:
535 3310 609 3354 presso
636 3293 699 3341 eninr
750 3305 815 3345 caret
825 3311 868 3344 sua
879 3310 964 3342 venere
978 3293 1049 3341 lectio
1060 3293 1248 3342 Scriverianitn·

198 3358 269 3406 tellus
280 3373 324 3418 est,
336 3365 374 3411 cui
383 3366 433 3428 jam
449 3365 573 3414 insistitur.
591 3366 632 3415 sed
647 3384 698 3431 pre·
750 3368 819 3422 dicis,
833 3369 873 3432 qui
891 3368 971 3422 habet,
986 3368 1027 3414 l'ix
1038 3369 1087 3416 itm
1095 3378 1144 3430 post
1156 3386 1190 3415 mc
1199 3378 1246 3415 noto

200 3432 312 3482 itenditur
323 3439 352 3485 ab
364 3438 540 3503 appellentibus
549 3440 634 3496 nautis,
645 3457 699 3488 curn
749 3445 857 3504 pharetro
869 3460 908 3490 ton
920 3454 958 3490 ert.
976 3452 1102 3506 postquam
1119 3442 1145 3490 in
1161 3459 1200 3492 me
1211 3452 1248 3491 tua

198 3522 270 3571 prope
282 3516 383 3574 tangunt
394 3512 511 3568 manibus,
519 3523 542 3559 et
554 3514 634 3560 sunem
645 3514 698 3562 reli-
750 3516 798 3564 tela
808 3516 923 3580 conjicere
935 3515 1037 3579 coepisti,
1046 3524 1132 3580 sponte
1149 3527 1173 3566 et
1186 3517 1248 3581 juna

197 3580 282 3642 gande
305 3585 359 3632 navi
381 3595 476 3650 possunt
503 3585 608 3650 injicere.
633 3605 700 3649 prope
751 3589 775 3638 in
786 3606 823 3637 me
835 3591 940 3645 veniunt,
952 3605 995 3637 nec
1006 3599 1107 3637 noscunt
1116 3589 1247 3654 pharetrata

197 3670 325 3717 comprenm
337 3659 412 3706 codex
424 3659 522 3706 Douzre.
556 3660 644 3709 Brun.
749 3679 825 3718 suam,
847 3662 889 3709 sed
911 3661 1107 3726 quotiescumque
1129 3671 1157 3711 tu
1180 3661 1250 3712 morit

231 3737 273 3783 36.
293 3734 346 3780 Huc
359 3744 399 3780 tna
410 3736 488 3780 derna
501 3735 582 3796 iulet]
604 3735 699 3797 legitur
750 3753 823 3785 novas
841 3737 948 3800 sagittas,
960 3744 987 3784 ut
1001 3737 1117 3800 pharetrae
1134 3736 1249 3791 includat.

198 3810 337 3877 inquodam
355 3808 445 3863 codice,
459 3807 541 3855 Facit:
558 3824 611 3871 quae
629 3809 699 3857 lectio
750 3810 845 3857 evolant
865 3825 878 3856 e
899 3809 1019 3864 manibus,
1038 3810 1107 3873 quasi
1124 3809 1207 3874 jussa,
1226 3808 1249 3859 'tn

198 3902 244 3935 non
255 3884 375 3949 displicet.
412 3881 480 3929 Dixit
490 3883 552 3930 enirn
566 3899 644 3947 supra,
660 3883 698 3929 l'i-
750 3899 794 3930 mc.
812 3899 885 3947 quare
894 3884 937 3929 linc
950 3882 1110 3930 retinendum.
1121 3891 1146 3930 et
1157 3883 1249 3947 elegan-

197 3977 241 4022 gra
262 3960 387 4005 reluctanti
406 3966 475 4003 cessat
492 3960 516 4003 in
533 3958 593 4004 hoste
610 3974 698 4011 mouns,
749 3966 792 4011 ter,
804 3961 880 4004 tanin
892 3959 916 4003 in
927 3957 1069 4018 nliqttem,ut
1079 3955 1190 4011 laedatur,
1203 3955 1249 4004 dici

199 4034 308 4097 Expones
319 4031 398 4091 igitur,
415 4030 495 4078 Facit:
511 4030 536 4077 id
553 4040 652 4085 estnon
663 4041 698 4079 cst
748 4030 893 4078 ostendimus
920 4030 950 4077 nd
979 4030 1073 4078 Phaedr.
1094 4029 1111 4078 i.
1133 4030 1192 4079 Fab.
1211 4030 1249 4077 2l.

198 4105 315 4151 desidiosa
336 4112 359 4150 et
382 4105 456 4151 iners:
484 4104 567 4151 Furere
583 4108 641 4151 enim
659 4107 698 4168 (ut
751 4106 838 4151 Brun.
