2896 4980
193 308 261 375 312
492 307 531 370 P.
555 304 717 371 OVIDII
742 304 952 371 NASONIS

199 479 402 553 Fallimur?
429 504 477 554 an
494 503 600 553 verso
618 489 825 552 sonuerunt
840 478 994 552 cardine
1011 478 1167 576 postes?

249 595 457 694 Raucaque
474 620 669 670 concussae
687 596 796 692 signa
811 596 950 670 dedere
967 594 1094 668 fores?
1190 597 1232 667 50

199 709 397 787 Fallimur:
427 712 589 811 impulsa
606 721 666 786 est
682 712 850 785 animoso
863 714 982 808 janna
998 720 1123 785 vento.

247 825 323 901 Hei
340 828 443 914 mihi,
463 852 578 926 quam
596 829 707 923 longe
725 851 833 925 spem
850 827 936 900 tulit
951 850 1045 900 aura
1060 826 1200 900 meam!

199 942 240 1015 Si
258 944 350 1018 satis
368 968 408 1018 es
428 956 557 1043 raptae,
578 943 712 1030 Borea,
732 968 875 1018 memor
893 943 1092 1042 Orithyiae,

247 1058 334 1134 Huc
353 1061 456 1146 adeS,
475 1071 515 1134 et
531 1060 664 1133 surdas
681 1060 833 1133 flamine
850 1058 968 1133 tunde
985 1057 1098 1131 fores.

199 1174 304 1250 Urbe
323 1177 436 1250 silent
451 1178 554 1250 tota:
583 1175 777 1272 vitreoque
794 1174 985 1249 madentia
1001 1197 1084 1248 rore
1189 1174 1231 1246 55

246 1292 435 1392 Tempora
449 1294 569 1367 noctis
588 1304 695 1366 eunt:
724 1304 862 1366 excute
879 1302 988 1390 poste
1005 1314 1141 1364 seram.

196 1408 276 1483 Aut
292 1434 363 1507 ego
377 1411 457 1506 jam
475 1409 648 1507 ferroque
667 1409 821 1506 ignique
839 1408 1001 1506 paratior
1018 1407 1114 1506 ipse,

247 1525 370 1610 Quem
388 1526 470 1600 sace
489 1527 669 1613 sustineo,
688 1538 790 1600 tecta
806 1525 971 1623 superba
986 1535 1128 1622 petam.

197 1640 299 1727 Nox,
308 1653 348 1716 et
356 1642 484 1729 Amor,
492 1643 707 1739 vinumque,
720 1642 812 1714 nihil
822 1640 1051 1715 moderabile
1062 1638 1229 1713 suadent:

247 1756 320 1830 Illa
336 1759 479 1856 pudore
497 1769 628 1833 vacat:
659 1758 771 1833 Liber
787 1758 982 1855 Amorque
998 1769 1116 1832 metu.
1188 1757 1231 1829 60

153 1923 156 1928 -
199 1871 338 1946 Omnia
354 1876 565 1949 consumsi:
595 1900 664 1950 nec
682 1888 720 1950 te
738 1877 960 1975 precibusve
978 1874 1137 1947 minisve

248 1986 451 2075 Movimus,
469 1991 493 2062 6
510 1989 650 2064 foribus
669 1991 814 2065 surdior
831 1992 913 2090 ipse
929 1990 1018 2064 tuis.

198 2101 286 2177 Non
303 2115 343 2177 te
360 2103 530 2178 formosae
547 2105 676 2180 decuit
692 2132 839 2182 servare
856 2107 993 2206 puellae

249 2217 415 2293 Limina:
445 2221 604 2293 sollicito
622 2246 771 2297 carcere
788 2224 925 2319 dignus
943 2245 1040 2297 eras.

196 2334 361 2433 Jamque
379 2335 575 2434 pruinosos
593 2338 746 2410 molitur
764 2338 913 2414 Lucifer
929 2362 1040 2427 axes;
1189 2338 1232 2411 65

248 2452 371 2550 Inque
389 2478 499 2526 suum
517 2453 672 2527 miseros
690 2455 833 2530 excitat
850 2455 928 2529 ales
946 2479 1056 2553 opus

230 2646 272 2695 51.
290 2649 415 2712 Animosa]
439 2649 538 2698 Aduerso
555 2649 693 2715 Neapolita-
810 2651 883 2707 Quom
892 2651 952 2717 socc
962 2648 1234 2713 sustinentectsrrmrh

199 2735 251 2769 nus.
269 2722 332 2785 quod
345 2729 401 2787 apte
417 2722 513 2788 quidem
530 2724 642 2791 explicari
653 2741 694 2790 po·
838 2736 922 2788 petuis.

196 2801 251 2850 test,
264 2803 289 2842 et
305 2795 360 2843 olim
379 2796 453 2846 etiarn
464 2798 563 2847 Heinsio
577 2798 694 2864 placuisse
745 2798 797 2848 Iloc
813 2815 901 2859 sensu;
918 2815 963 2863 ego
976 2800 1029 2865 jam
1047 2798 1235 2863 instmcticroc·

196 2884 226 2918 cx
238 2869 364 2935 adscriptis
381 2887 427 2920 ore
446 2872 499 2920 libri
520 2873 571 2938 ejus
589 2873 650 2921 uotis
660 2873 695 2920 vi·
744 2877 792 2920 rori
802 2873 865 2921 enim
872 2873 963 2938 proprie
971 2872 1059 2922 milites
1069 2870 1162 2922 minati.
1176 2869 1235 2921 utsd

195 2941 249 2992 deo.
265 2945 308 2993 sed
325 2944 396 3009 longe
410 2945 542 3009 elegantius
558 2957 594 2996 est
605 2950 634 2996 τὸ
644 2950 696 2994 oni·
745 2946 843 2995 Patron.
858 2961 912 3011 cap.
921 2961 992 2995 cxxx.
1002 2945 1119 3007 vidimus)
1128 2944 1236 3001 anua

195 3033 260 3066 moso.
282 3026 307 3065 et
327 3028 391 3067 recte
412 3036 427 3068 a
446 3020 525 3068 Meno
541 3021 694 3087 explicatum,
745 3037 817 3086 quam
825 3021 938 3077 sustineo,
948 3030 1028 3087 petam
1039 3031 1113 3071 tecta.
1146 3022 1237 3086 Siqua

195 3090 253 3155 quis
263 3092 328 3141 venti
337 3096 418 3141 anim
428 3102 550 3143 vocantur.
584 3097 674 3145 Burin.
746 3095 894 3144 retinendum
914 3103 960 3152 est,
976 3095 1080 3161 legerem
1099 3111 1156 3146 cum
1172 3096 1236 3145 rm·

228 3169 268 3214 53.
295 3167 375 3229 Roptae
398 3169 532 3233 Orithyia]
559 3171 695 3237 videque
746 3169 795 3218 cio:

196 3238 276 3286 notavi
296 3239 321 3287 in
339 3243 540 3290 observationibus
561 3245 605 3292 sub
624 3244 695 3293 finem
778 3270 843 3282 —·
854 3243 951 3309 lgniqin
958 3249 1064 3306 mliv?
1074 3248 1123 3304 311⁰,
1134 3245 1237 3309 'dibi

195 3310 238 3359 lib.
249 3312 283 3360 vi.
295 3314 394 3362 Metam
428 3316 497 3364 Cror.
780 3317 850 3371 Quem
853 3319 911 3382 socc
921 3321 1027 3368 sustineo.
1271 3374 1276 3382 p

228 3387 269 3434 58.
287 3386 422 3453 Qrsnmsoee
431 3391 548 3452 sadiraco]
568 3392 639 3445 Qrum
648 3394 695 3442 Pu-
747 3392 781 3440 Ut
788 3392 867 3456 ignem
878 3408 893 3440 a
904 3393 955 3442 iace
966 3392 1173 3459 distinguatgerit
1181 3393 1237 3444 suin

196 3469 295 3509 teaueus
305 3469 329 3507 ct
338 3461 514 3511 Arondclianus
524 3479 578 3511 cum
587 3465 694 3515 editioni·
746 3465 854 3530 ignomin
864 3467 1147 3524 iscautsliiinlucems.
1157 3470 1237 3519 Bran.

196 3536 242 3584 bus
252 3532 378 3583 nonnullis.
395 3535 474 3598 ignem
484 3537 643 3602 subintellige,
654 3557 695 3604 pro
778 3544 817 3589 59.
836 3541 896 3598 Nor,
908 3552 931 3590 et
950 3544 1028 3598 Amor,
1043 3542 1187 3606 vinnam]
1203 3540 1237 3589 Its

194 3611 299 3672 paratior
315 3608 396 3673 primic
407 3608 522 3657 editiones
533 3619 558 3658 et
568 3612 695 3662 Scriveris-
745 3615 827 3664 Livius
836 3616 879 3664 lib.
890 3617 972 3665 xxxix.
979 3619 1004 3666 8.
1015 3617 1047 3666 de
1056 3616 1238 3683 initiamu-

195 3700 249 3739 nus,
270 3686 393 3744 potentior.
425 3683 488 3730 Mihi
508 3683 626 3733 distichon
651 3686 695 3735 boc
746 3689 849 3737 Bacchi:
869 3691 945 3745 Quum
953 3693 1237 3746 ianuamianuaim&

194 3767 330 3823 suspectum
339 3765 386 3806 est,
412 3757 544 3806 Hsrusrvs.
579 3755 693 3808 Nontam
745 3765 809 3810 misti
812 3764 909 3829 feminis
919 3781 999 3821 moros,
1009 3768 1084 3813 atatis
1099 3774 1180 3813 terrm
1193 3778 1236 3812 ΙΙ·

195 3832 266 3881 facile
278 3831 390 3880 damnare
401 3830 487 3888 audeo,
498 3832 641 3896 quicumque
652 3849 693 3882 ne·
736 3839 828 3897 juribus
838 3841 958 3887 discrimen
967 3855 1032 3887 omns
1043 3841 1139 3901 pudoris
1146 3840 1234 3888 eruiss-

196 3906 285 3970 gotium
297 3906 415 3955 lacessunt
426 3921 514 3955 versus.
531 3907 572 3955 sed
583 3924 613 3956 ox
624 3909 694 3956 vesti·
745 3912 821 3960 issent.
854 3913 907 3961 Ter.
926 3913 1013 3977 llecyr.
1029 3913 1048 3961 i.
1067 3913 1095 3961 ii.
1112 3914 1153 3963 61.
1185 3911 1235 3961 Per·

196 3981 240 4045 giis
249 3981 357 4030 codicum
368 3981 472 4047 legerem
483 3999 488 4028 :
743 3989 813 4033 sunsit
833 4005 884 4041 nor,
904 4004 974 4044 amor,
985 3989 1072 4045 υἱηιικ,
1086 3988 1235 4037 aalma

228 4056 277 4102 Ant
287 4072 327 4119 ago
333 4057 387 4115 jam
395 4055 508 4121 serraque
518 4058 610 4119 ignique
626 4073 693 4117 porn-
744 4059 973 4115 vid.bicMsrium.,
1147 4111 1150 4117 ,

293 4130 346 4183 tior,
356 4131 399 4177 istd
777 4134 818 4183 66.
837 4134 912 4198 Μαι]
929 4134 1022 4185 Gallus.
1055 4135 1127 4185 Cror.
