2896 4980
201 350 268 417 2oe
497 350 535 413 P.
552 347 714 414 OVIDII
738 348 952 417 NASONIS

206 522 384 597 Crinibus
403 522 587 618 insignem
606 522 692 617 quis
711 522 824 595 acuta
842 522 1000 620 cuspide
1019 522 1203 601 Pboebum

256 637 435 724 Instruat,
454 637 614 711 Ao'niam
633 635 757 710 Marte
776 650 949 713 movente
966 637 1115 737 lyram?

207 754 305 829 Sunt
321 752 389 827 tibi
407 775 555 849 magna,
571 773 675 848 puer,
690 750 924 848 nimiumque
936 755 1107 851 potentia
1118 780 1237 855 regna,

254 869 334 944 Cur
350 893 446 966 opus
464 867 645 952 adfectae,
664 866 875 954 ambitiose,
895 871 1059 944 novum?
1198 875 1236 945 14

203 985 277 1072 An,
292 985 394 1083 quod
413 984 566 1081 ubique,
585 981 715 1055 tuum?
732 991 799 1054 tua
815 994 903 1056 sunt
920 981 1119 1060 Heliconia
1135 984 1238 1061 Tem·

252 1099 329 1173 Vix
348 1099 462 1174 etiam
475 1097 622 1172 Pboebo
634 1100 715 1194 jam
733 1097 816 1194 lyra
831 1108 914 1172 tuta
930 1122 1000 1174 sua
1016 1101 1099 1175 est?
1158 1103 1239 1202 [pei

204 1217 303 1292 Cum
321 1216 419 1290 bene
436 1214 599 1288 surrexit
616 1237 725 1287 versu
743 1236 840 1287 nova
856 1215 996 1312 pagina
1012 1217 1152 1315 primo;

253 1332 446 1407 Adtenuat
463 1354 595 1405 nervos
614 1329 784 1428 protinus
803 1329 865 1404 ille
883 1354 1000 1405 meos.

203 1447 241 1523 N
242 1472 287 1522 ec
305 1446 396 1522 mibi
414 1445 571 1521 materia
587 1456 646 1520 est
663 1445 827 1519 numeris
845 1447 1046 1521 levioribus
1064 1458 1165 1546 apta,

252 1564 331 1638 Aut
348 1586 453 1661 puer,
473 1572 538 1636 aut
555 1562 687 1658 longas
704 1574 831 1635 comta
847 1562 975 1661 puella
990 1586 1132 1638 comas.
1192 1568 1237 1637 20

202 1679 370 1765 Questus
387 1701 510 1763 eram;
540 1677 717 1775 pharetra
735 1700 822 1750 cum
839 1677 1010 1775 protinus
1027 1677 1091 1753 ille
1107 1679 1225 1753 soluti

254 1792 364 1890 Legit
380 1793 418 1867 in
436 1793 592 1868 exitium
610 1791 757 1890 spicula
773 1791 874 1865 iacta
890 1816 1041 1867 meum:

117 1961 130 1987 1,
203 1908 438 2004 Lunavitque
455 1931 553 2004 genu
572 1907 765 1981 sinuosum
783 1907 927 1983 sortiter
943 1931 1095 1984 arcum:

251 2022 440 2121 Quodque
458 2046 584 2108 cauas,
603 2022 733 2109 Vates,
754 2025 896 2123 accipe,
915 2025 1023 2110 dixit,
1042 2050 1151 2124 opus.

203 2139 270 2213 Me
288 2138 488 2211 miserum!
516 2149 638 2210 certas
657 2137 789 2212 habuit
807 2164 899 2237 puer
917 2140 979 2215 ille
997 2141 1166 2238 sagittas.
1191 2142 1234 2211 25

254 2253 373 2341 Ur0r;
401 2264 441 2328 et
457 2254 495 2325 in
508 2277 626 2327 vacuo
644 2265 799 2352 pectore
816 2267 948 2352 regnat
965 2256 1093 2330 Amor.
1167 2256 1170 2261 ’

203 2372 281 2445 Sex
294 2368 386 2442 mibi
404 2380 532 2465 surgat
545 2393 639 2466 opus
653 2371 836 2457 numeris;
857 2371 894 2442 in
909 2370 1079 2468 quinque
1092 2368 1232 2445 residat.

252 2485 389 2560 Ferrea
405 2510 492 2559 cum
510 2486 642 2560 vestris
661 2485 761 2558 bella
777 2487 897 2560 valete
916 2486 1050 2559 modis.

201 2604 364 2699 Cingere
381 2602 514 2676 litorea
534 2602 708 2676 flaventia
725 2613 896 2700 tempora
913 2615 1049 2700 myrto,

250 2717 375 2804 Musa,
395 2742 462 2816 per
480 2719 650 2792 undenos
669 2718 919 2791 emodulanda
936 2717 1076 2816 pedes:
1191 2718 1234 2789 30

233 2904 272 2951 13.
291 2902 389 2968 Magno,
408 2902 484 2964 parca]
508 2902 596 2967 Utpote
611 2903 652 2966 qui
671 2902 695 2951 in
875 2900 1158 2962 -ineptanmn

199 2978 264 3026 Deos
272 2977 334 3042 ipsos
341 2977 381 3041 jus
392 2977 479 3026 babere
489 2976 585 3025 dicaris.
604 2976 695 3025 Crom-
778 2977 849 3024 Solvit
867 2986 889 3024 et
903 2977 999 3024 arbitrio
1009 2976 1089 3022 matris
1098 2976 1128 3023 da
1136 2972 1235 3021 utitem·

200 3067 256 3099 uus.
288 3050 377 3099 Mureti
399 3067 467 3107 unus,
488 3052 529 3100 Sat
551 3053 592 3099 tibi
613 3069 695 3116 magna
808 3053 875 3115 gittis

197 3141 261 3184 mter,
270 3139 317 3171 non
328 3123 461 3173 invenuste,
781 3123 856 3172 Unam
867 3124 978 3185 deposuit.
1120 3121 1210 3170 Bau.

230 3200 270 3246 20.
287 3200 334 3245 Aut
350 3200 428 3261 paen]
450 3200 523 3253 Quum
542 3216 598 3260 puer
615 3200 696 3247 Sarra·
779 3200 820 3247 23.
836 3196 1003 3259 Lunarr'tqaa]
1029 3194 1097 3243 Unus
1118 3190 1233 3242 Μεθ’ἁΙ·

198 3270 281 3318 vianna
297 3286 312 3317 a
327 3286 398 3319 manu
416 3272 501 3336 prima.
520 3281 547 3320 ut
563 3273 695 3321 subinteiii·
748 3272 911 3335 Curmcitque.
928 3269 992 3333 quod
1008 3266 1114 3316 ianuis
1128 3266 1235 3332 glana·

198 3352 275 3406 gatar,
285 3346 333 3390 ulio
340 3358 404 3400 ,nec
416 3345 473 3392 mihi
485 3346 532 3393 alia
544 3346 694 3401 materiaast,
746 3355 791 3394 est.
825 3345 964 3394 Cromsus.
1009 3340 1131 3405 Eprcuit
1156 3336 1234 3405 optim

198 3432 270 3479 quam
286 3431 351 3481 puer.
368 3417 410 3464 sed
429 3417 474 3464 hoc
491 3427 606 3480 repugnat
620 3419 694 3467 versui
747 3420 808 3467 hunc
819 3418 986 3483 Sagittatorum
1003 3414 1111 3462 habitum
1126 3412 1234 3464 Caium

198 3490 240 3538 26.
272 3491 362 3537 Burin.
747 3493 777 3539 ad
789 3492 860 3541 Ennii
871 3492 1009 3539 Aicmaeona
1018 3503 1076 3553 pag.
1088 3488 1148 3536 286.

230 3563 273 3611 21.
297 3562 401 3624 Soluto]
431 3561 572 3625 Expeditam
593 3565 696 3629 explicat
783 3568 826 3614 29.
857 3566 947 3613 Litorea
979 3562 1078 3626 myrta]
1116 3561 1234 3625 Propterea

199 3634 329 3701 Crispinus,
339 3651 369 3682 ex
377 3635 470 3682 duabus
479 3635 550 3682 Marii
559 3636 695 3700 interpreta-
747 3639 810 3702 quod
822 3648 920 3702 myrtus,
931 3645 958 3685 ut
970 3634 1098 3701 plurimum
1113 3648 1160 3682 non
1173 3630 1234 3693 low

198 3710 301 3760 tionibus
319 3707 445 3776 pessimam
463 3708 563 3772 eligens.
585 3720 621 3757 est
642 3728 696 3760 vero
747 3711 828 3759 amari
845 3721 938 3776 propter
954 3709 1011 3758 coeli
1030 3709 1133 3757 calorem
1145 3702 1234 3754 ancili

199 3794 288 3850 aperta,
300 3799 354 3832 nam
370 3782 463 3830 clausas
478 3783 592 3844 gerebant
609 3783 694 3846 phare·
746 3802 796 3834 esse
806 3786 946 3835 consuescit.
963 3784 1033 3832 Cror.
1050 3778 1193 3831 Martialdv.
1200 3774 1233 3823 18-

198 3869 255 3909 tras.
271 3860 357 3910 Noster
368 3876 392 3908 v.
404 3859 504 3907 Metam.
515 3858 572 3905 379.
780 3860 845 3908 lotos
856 3875 933 3921 aquius,
945 3860 1012 3904 iitnru
1025 3863 1114 3917 myrtus
1124 3864 1192 3902 mr.
