2896 4980
210 370 275 435 184
506 366 545 429 Ρ.
569 365 728 431 OVIDII
753 365 964 433 NASONIS

214 542 343 638 Atque
361 540 441 613 aliae
459 550 622 625 centum,
643 564 737 636 quas
755 565 831 614 non
848 542 929 615 sine
946 541 1101 616 crimine
1119 544 1248 619 amavi.

264 657 451 757 Improbe,
471 658 670 731 multarum
688 659 790 754 quod
808 657 888 743 fuit,
907 683 1004 731 unus
1022 658 1153 734 habes.
1203 666 1250 736 20

214 774 285 849 Est
301 777 339 848 in
356 787 394 849 te
412 775 538 860 facies,
558 786 647 848 sunt
664 775 741 872 apti
760 775 905 847 lusibus
923 774 1022 847 anni.

263 892 296 964 Ο
317 892 430 967 facies
448 892 566 965 oculis
581 890 760 963 insidiosa
776 889 889 962 meis!

212 1009 327 1082 Sume
344 1009 458 1082 fidem
471 1019 510 1082 et
527 1009 760 1106 pharetram
781 1007 849 1080 fies
867 1005 1087 1080 manifestus
1100 1006 1245 1106 Apollo.

259 1125 455 1198 Accedant
472 1124 586 1221 capiti
604 1147 763 1210 cornua3
795 1123 969 1197 Bacchus
987 1124 1072 1196 cris.

0 1192 33 1305 'i
49 1222 54 1237 ⁴
99 1258 122 1317 ⁸,
211 1238 262 1313 Et
278 1239 446 1313 Phoebus
462 1239 661 1337 Daphnen,
676 1250 714 1311 et
726 1239 896 1334 Gnosida
910 1238 1084 1311 Bacchus
1102 1239 1246 1313 amavit.

260 1356 342 1430 Nec
362 1366 469 1429 norat
487 1355 641 1454 Lyricos
659 1356 734 1435 illa,
752 1356 811 1428 vel
828 1356 903 1439 illa,
923 1355 1067 1428 modos,
1201 1359 1247 1428 26

208 1473 261 1546 At
277 1473 367 1545 mihi
387 1471 593 1568 Pegasides
612 1471 856 1545 blandissima
872 1471 1037 1544 carmina
1054 1471 1219 1545 dictant:

258 1587 281 1660 J
285 1613 345 1662 am
363 1589 508 1661 canitur
524 1600 603 1662 toto
621 1613 757 1661 nomen
776 1589 814 1660 in
832 1591 921 1662 orbe
939 1613 1076 1661 meum.

210 1705 292 1778 Nec
310 1707 395 1802 plus
414 1705 575 1791 AlcaeuS,
595 1730 747 1779 consors
766 1707 973 1804 patriaeque
990 1706 1170 1801 lyraeque,

261 1819 398 1894 Laudis
416 1823 550 1895 habet:
580 1824 749 1919 quamvis
768 1823 945 1918 grandius
964 1821 1026 1893 ille
1045 1832 1165 1894 sonet.
1201 1823 1247 1892 30

211 1938 252 2010 Si
271 1937 361 2009 mihi
378 1938 538 2011 difficilis
557 1938 712 2013 formam
731 1949 864 2012 natura
880 1937 1049 2033 negavit3

259 2051 416 2148 Ingenio
434 2053 561 2125 formae
579 2054 716 2127 damna
734 2055 900 2152 rependo
917 2076 1025 2125 meae.

210 2169 303 2241 Sum
317 2169 439 2242 brevis
451 2197 460 2257 ;
482 2179 521 2242 at
533 2194 681 2256 nomeu,
694 2171 795 2267 quod
809 2181 925 2244 terras
940 2168 1095 2265 impleat
1106 2190 1244 2251 omnes,

259 2282 329 2357 Est
347 2284 458 2358 mihi:
488 2309 701 2358 mensuram
719 2286 878 2359 nominis
897 2285 979 2381 ipsa
995 2282 1086 2356 fero.

239 2508 261 2556 F
261 2512 321 2557 lorea
333 2513 452 2575 uirginitas
462 2527 504 2558 suu
514 2511 642 2575 cunifcret.

583 2587 671 2634 Brun.

237 2657 279 2705 23.
298 2656 330 2704 Ee
342 2656 502 2721 Planum]
522 2657 553 2706 El
568 2658 701 2715 Pitumnus,

205 2740 232 2777 ut
253 2733 298 2779 eris
317 2729 426 2778 Scriverii
453 2730 538 2780 codex.
566 2744 629 2782 recte
648 2749 704 2782 vero

204 2804 364 2852 Bcrsmnnnus
372 2819 423 2851 esse
435 2803 588 2854 imitationem
598 2807 703 2872 Properl.

205 2891 234 2924 ex
245 2876 287 2924 lib.
298 2877 330 2924 iv.
341 2877 410 2940 Eleg.
423 2879 447 2926 2.
458 2879 499 2926 ³1.
511 2881 610 2929 notavit.

237 2952 277 2998 26.
311 2952 360 2999 Nec
389 2952 477 3014 nordh]
513 2953 603 3003 Norunt
630 2956 701 3003 mulo.

204 3025 294 3073 Huius.

236 3102 278 3147 29.
297 3100 406 3161 Armi]
426 3098 472 3147 llic
483 3115 537 3147 curn
548 3101 642 3164 Sappho
653 3118 703 3150 cer·

204 3173 272 3221 lavit.
284 3171 334 3218 vid.
350 3172 431 3219 Schol.
448 3172 566 3220 Theocrit.
584 3173 648 3237 ldyl.
661 3175 701 3222 vii.

204 3247 245 3294 63.
261 3254 288 3292 ut
304 3253 329 3291 cl
339 3245 426 3309 Myrtis
436 3262 490 3293 cum
500 3246 611 3302 Pindaro,
622 3258 649 3294 ut
660 3248 701 3295 ob-

204 3327 282 3367 servat
302 3319 430 3366 Salmasiui
453 3320 496 3367 lib.
516 3320 534 3366 i.
556 3321 633 3385 Epist.
655 3322 701 3371 xiv.

206 3393 325 3440 Grandius
340 3391 406 3439 illam
417 3411 503 3448 curuare,
514 3393 580 3449 dicil,
588 3403 615 3441 ut
626 3396 700 3444 llora-

204 3468 251 3514 tius
272 3464 344 3512 dicit:
369 3466 470 3514 Milium
489 3469 558 3515 Ali-ui
576 3468 699 3517 Cauuruus.

203 3541 337 3589 Huiusius.
355 3540 438 3587 Horat.
449 3542 476 3588 ii.
490 3543 529 3589 13.

235 3615 324 3675 Sappho
332 3615 413 3675 puellis
423 3617 450 3661 de
458 3617 615 3677 popularibus,

236 3689 266 3737 El
279 3698 300 3738 lc
311 3698 425 3737 conantem
433 3693 523 3751 plenius
533 3708 609 3743 niueo.

267 3764 348 3818 dieue,
358 3765 453 3824 plectro.

234 3839 276 3886 32.
295 3836 391 3901 Ingenio
402 3838 486 3901 jurmc
505 3841 588 3885 ilciuueu
606 3842 700 3899 repento

201 3913 276 3975 mec]
313 3913 405 3971 Καλὴν
414 3910 522 3960 camdem
532 3912 628 3976 Sappho
639 3912 700 3961 dixit

200 3986 315 4042 Socrates,
331 3983 371 4035 διὰ
386 3988 436 4047 τήν
454 3990 523 4050 ὥραν
542 3991 592 4035 τῶν
608 3988 698 4050 μελῶν,

201 4059 280 4107 καίτοι
300 4061 391 4124 μικρὰν
409 4058 488 4109 οὖσαν
506 4064 547 4108 καὶ
564 4059 697 4123 μέλαιναν.

200 4131 506 4197 Illu.Tyr.Dinscrt.1xiv.
515 4134 602 4182 secl.7.
609 4133 698 4181 Auuu.

233 4207 274 4253 ³³.
293 4206 346 4253 Sum
361 4210 441 4259 breina,
453 4208 513 4271 dic]
534 4206 582 4257 Noc
599 4224 633 4255 me
649 4210 697 4255 des·

751 2516 830 2573 nicius,
859 2515 878 2557 si
904 2528 952 2558 sum
980 2511 1021 2556 tibi
1048 2523 1139 2569 cuipam
1167 2522 1243 2569 paru,

755 2587 929 2648 Mensurcmquc
969 2585 1040 2631 ureris
1071 2583 1169 2630 uminis
1203 2582 1246 2643 ipn

746 2660 809 2724 fero.
843 2660 912 2707 Hanc
932 2659 1021 2706 habent
1037 2655 1164 2704 lectionem
1180 2654 1244 2703 vni-

753 2750 826 2782 canus
840 2741 865 2781 ct
882 2731 1028 2780 llIalleianus
1045 2728 1107 2777 libri.
1140 2727 1190 2776 Alii
1206 2724 1245 2775 viri

753 2806 816 2855 docti
834 2807 925 2872 legunt,
941 2821 971 2853 ex
992 2804 1045 2852 aliis
1065 2802 1177 2867 antiquis,
1195 2802 1245 2850 Su

753 2884 833 2936 breuis,
852 2891 875 2928 nl
893 2898 981 2935 nomen,
994 2882 1052 2942 quod
1071 2888 1145 2925 term
1159 2878 1246 2940 inpleti

753 2972 834 3012 omnes,
860 2954 900 3002 Eu
922 2955 987 3001 milii:
1011 2968 1138 2999 mensim
1157 2950 1246 2998 nominis

754 3030 868 3094 ipsnfero.
903 3027 952 3084 Qui
964 3043 1042 3075 versus
1054 3034 1110 3073 sunt
1120 3024 1191 3090 plane
1200 3021 1245 3072 ele·

752 3104 880 3166 gantiores.
914 3102 995 3165 Atque
1006 3101 1039 3148 itn
1049 3115 1074 3148 se
1085 3099 1180 3165 Sappho
1194 3097 1244 3165 pnl-

753 3176 833 3224 chrnm
845 3192 891 3224 non
901 3189 952 3223 esse
963 3173 1056 3228 latetur,
1066 3188 1121 3220 cum
1131 3172 1162 3220 sit
1177 3184 1245 3238 puio

753 3265 858 3314 corpore.
899 3248 1022 3303 Mulieres,
1049 3263 1103 3311 quic
1136 3243 1246 3311 ejusmodi

752 3333 814 3378 sunt,
823 3338 870 3371 non
880 3321 994 3387 pulchrae,
1002 3320 1044 3369 sed
1052 3330 1156 3368 venusta
1167 3318 1244 3368 dicun·

751 3406 798 3445 tur.
843 3395 997 3444 Pulchritudo
1022 3394 1094 3449 enim,
1122 3402 1149 3442 ut
1178 3390 1244 3443 sentit

751 3471 898 3525 Aristotcles,
919 3469 1026 3518 consistit
1046 3467 1070 3515 in
1095 3483 1180 3531 magno
1197 3482 1243 3515 cor-

751 3561 820 3609 pore:
838 3560 900 3609 (luc,
911 3553 938 3591 ut
955 3543 989 3590 nil
999 3543 1037 3589 Μ.
1048 3541 1141 3590 Tullius
1156 3541 1199 3588 liu.
1211 3538 1242 3588 iv.

749 3620 845 3667 Tuscul.
858 3618 963 3683 Disput„
975 3625 1011 3665 est
1021 3626 1077 3682 apta
1093 3617 1243 3665 membrorum

750 3693 885 3755 figuracum
894 3692 996 3756 corporis
1003 3691 1129 3739 suavitate.
1142 3690 1242 3739 Ciouu.

751 3767 802 3813 lloc
814 3766 885 3814 ctiam
900 3765 1016 3813 distichon
1028 3764 1178 3827 Naugeriano
1187 3763 1243 3811 libro

750 3840 857 3888 debetur.
891 3839 954 3886 Ante
965 3837 1053 3886 insulse
1061 3837 1197 3901 legebatur.

785 3914 831 3961 Nec
842 3932 874 3962 mc
882 3916 999 3975 (lapicius,
1011 3915 1031 3960 si
1040 3929 1089 3960 sum
1101 3913 1141 3959 libi
1157 3926 1242 3975 ccrpm

844 4005 924 4048 puruu,

816 4060 988 4123 Mamuriumque
1004 4062 1076 4107 breuis
1088 4058 1183 4107 nominiu
1197 4058 1241 4118 ipsc

839 4135 903 4196 sero.
1124 4131 1211 4180 Huius.
