2896 4980
395 339 538 405 ARTIS
560 337 832 405 AMATORIAE
856 338 947 404 LIB.
973 338 1001 402 Ι.
1167 337 1234 405 4115

181 512 274 588 Filia
286 537 499 612 purpureos
519 512 613 586 Niso
631 511 756 585 furato
771 512 941 609 capillos,

226 628 336 702 Pube
354 628 492 728 premit
508 629 659 702 rabidos
677 629 971 726 inguinibusque
990 652 1116 703 canes.

178 744 252 830 Qui
271 744 435 820 Martem
452 747 566 843 terrei,
587 745 809 844 Neptunum
827 745 960 842 effugit
977 747 1014 818 in
1033 747 1157 831 undis,
1223 816 1227 825 ,

229 860 413 958 Oonjugis
430 859 583 935 Atrides
601 860 754 934 victima
770 861 852 934 dira
868 860 949 934 fuit.

177 974 779 1078 Cninondefletoestliphyraeae
793 976 1225 1057 flammaCreiisaetaun

227 1089 279 1164 Et
295 1114 388 1164 nece
405 1099 578 1164 natorum
596 1089 883 1187 sanguinolenta
900 1093 1059 1189 parens?

179 1191 298 1280 Flevit
314 1205 582 1304 Amyntorides
601 1229 668 1302 por
685 1206 811 1280 inania
827 1207 970 1280 lumina
987 1206 1167 1281 Phoenix:

226 1319 479 1420 Hippolytum
497 1320 621 1419 pavidi
639 1321 846 1418 diripuistis
864 1323 964 1419 equi.

149 1511 152 1514 ,
179 1435 280 1520 Quid
298 1435 395 1509 fodis
412 1436 620 1522 immeritis,
634 1436 793 1524 Phineu,
809 1461 879 1510 sua
893 1438 1033 1510 lumina
1044 1439 1170 1511 natis?

227 1550 348 1624 Poene
363 1574 557 1626 reversura
572 1563 632 1625 est
648 1551 687 1624 in
704 1563 821 1649 caput
838 1551 911 1625 ista
927 1563 1046 1626 tuum.
1150 1557 1226 1626 340

178 1666 318 1749 Omnia
333 1665 496 1740 seminet
515 1676 604 1739 sunt
625 1667 699 1739 ista
715 1666 871 1739 libidine
888 1678 1011 1753 motn;
1110 1741 1111 1745 ,

227 1781 359 1854 Aerior
376 1790 435 1855 est
448 1781 591 1866 nostri,
610 1781 772 1879 plusque
789 1779 922 1854 furoris
941 1781 1067 1855 hebet.

179 1895 280 1993 Ergo
299 1920 382 1993 age,
400 1921 448 1970 ne
466 1896 599 1970 dubita
616 1908 773 1970 cunetas
792 1921 972 1995 superare
989 1898 1157 1996 puellas;
1295 1994 1298 2003 ,

77 2010 81 2017 ’
227 2011 304 2085 Vix
322 2012 431 2086 erite
448 2011 575 2085 multis
593 2034 678 2108 quae
697 2024 810 2109 neget
826 2037 902 2086 una
919 2013 1000 2086 tibi.
1153 2017 1225 2086 344

85 2164 115 2177 -’
179 2125 273 2211 Quae
296 2128 400 2214 dant,
428 2150 591 2225 quaeque
618 2140 769 2224 negant,
797 2129 963 2225 gaudent
989 2141 1115 2203 tamen
1141 2153 1225 2204 esse

230 2243 284 2317 Ut
296 2246 376 2341 jam
394 2242 544 2329 fallaris,
564 2255 646 2318 tuta
663 2245 814 2344 repulsa
830 2255 897 2318 tuo
913 2254 984 2319 est.
1053 2246 1224 2345 [rogutae.

180 2357 258 2432 Sed
275 2382 343 2433 our
359 2357 511 2444 fallaris,
530 2382 617 2430 cum
635 2359 685 2432 sit
702 2383 797 2434 nova
814 2371 920 2456 grata
937 2360 1136 2456 voluptas?

1188 632 1219 660 Ι

230 2471 282 2547 Et
297 2474 450 2574 capiant
467 2476 612 2548 animos
626 2475 711 2573 plus
730 2476 851 2550 aliena
869 2474 983 2552 suos?

178 2755 316 2823 rumpimus,
328 2757 358 2807 de
369 2775 416 2824 quo
427 2759 458 2808 od
469 2761 526 2810 Vel.
539 2760 606 2811 Flac.
622 2761 639 2811 i.
652 2763 678 2810 3.
730 2761 820 2810 Achilli
830 2761 940 2810 comitem
954 2765 1170 2826 preceptoremque
1187 2757 1228 2808 de·

179 2828 287 2893 pluribus
298 2846 405 2896 agemus.
438 2833 528 2883 Bonis.
729 2836 773 2884 dit.

210 2904 268 2953 333.
292 2905 340 2959 Qui
359 2916 455 2954 mortem
483 2909 571 2973 terrie]
608 2908 679 2958 Tmo
762 2910 820 2958 339.
849 2909 912 2963 err'd
923 2909 989 2973 sodis
1005 2906 1146 2968 iniustitia]
1172 2905 1231 2955 Phi·

178 2975 294 3026 meliores.
332 2978 464 3028 Heinsius.
503 2981 680 3046 Neptunumque
730 2981 1029 3031 neusrsxl‘uitAresdie:
1048 2979 1089 3044 qui
1106 2977 1232 3044 repudiata

177 3050 261 3116 effugit
276 3055 345 3101 trudis
361 3070 422 3103 unus
438 3055 524 3104 Heius.
542 3073 587 3120 ego
602 3057 678 3106 llein·
728 3057 865 3122 Cleopatra,
884 3071 980 3104 uxorem
997 3052 1151 3119 llsrpulicem
1172 3053 1231 3117 Sey·

178 3122 239 3172 simu
257 3140 350 3190 sequor.
366 3136 390 3175 et
407 3128 476 3194 capio
496 3139 568 3186 terro,
591 3146 632 3196 pro
653 3133 678 3180 in
729 3130 816 3178 thicnm
838 3128 914 3184 duxit,
936 3127 1004 3192 cujus
1030 3125 1144 3174 instinctu
1168 3124 1231 3173 tilios

179 3206 257 3255 ‘ems'
282 3214 338 3248 mm
361 3202 538 3267 prepositiones
556 3204 581 3252 in
607 3204 678 3270 priori
728 3202 867 3252 ocoecovit.
900 3200 984 3250 Sodin
1000 3200 1071 3265 hujus
1087 3198 1121 3247 rei
1137 3195 1232 3249 vindie-

178 3272 283 3321 membro
304 3288 367 3340 sepe
394 3273 482 3323 omittit
509 3277 604 3326 Noster.
626 3277 677 3327 vid.
729 3272 778 3326 tani
789 3292 843 3325 mox
854 3275 922 3326 illum
932 3273 966 3323 dii
976 3272 1052 3322 oculis
1063 3272 1195 3338 privarunt,
1205 3280 1231 3323 et

168 3342 256 3408 Epist.
266 3344 300 3395 vi.
314 3347 370 3395 107.
381 3356 406 3395 et
416 3346 464 3396 xvi.
478 3351 534 3397 141.
544 3349 611 3400 xviii.
621 3352 675 3400 157.
725 3350 836 3414 harpyias
847 3363 903 3398 aves
912 3347 1067 3405 immiserunt,
1081 3361 1135 3411 qus
1151 3343 1228 3411 dapes

176 3424 201 3466 et
211 3416 278 3467 slibi.
296 3481 298 3485 μ
312 3419 401 3469 Βυωι.
725 3424 878 3489 diripiebant,
886 3430 958 3486 atque
965 3420 1055 3470 ventris
1061 3417 1175 3487 profluvio
1182 3419 1230 3470 loe·

209 3492 268 3541 335.
304 3492 439 3557 Ephyren]
484 3495 612 3545 corinthio
645 3499 676 3546 ab
725 3499 825 3547 dabant.

177 3565 280 3630 Ephyre.
290 3567 346 3616 vide
361 3585 414 3632 qun
432 3569 512 3617 notavi
528 3569 553 3618 in
570 3567 677 3634 Epistola
759 3569 977 3632 ³4³.Nsduln'tn.]
1002 3567 1165 3618 Notsndsvis
1175 3583 1230 3632 pnr-

176 3638 447 3691 MedeoedJusonem.
479 3642 550 3692 Cror.
728 3643 808 3692 tinulo
824 3660 886 3710 ergo,
907 3659 961 3707 quo
978 3641 1018 3691 hie
1036 3656 1082 3690 uon
1099 3639 1170 3689 modo
1186 3639 1230 3689 sd·

209 3713 266 3763 337.
283 3714 358 3764 Flevit
374 3715 556 3780 Amyntorides]
575 3714 677 3765 Phoenix
728 3717 843 3766 hortantis
860 3715 980 3789 est3Psed
1000 3730 1049 3780 qus
1068 3713 1166 3770 utimur,
1188 3712 1232 3761 ubi
1271 3729 1272 3733 ¹

177 3784 240 3836 tilius
260 3787 306 3837 luit
324 3788 461 3853 Amyntoris
481 3789 524 3837 lilii
544 3787 677 3854 Corcaphi:
729 3791 795 3841 tarde
805 3789 910 3855 aliquem
926 3787 1113 3838 consentientem
1130 3785 1229 3835 convin-

176 3875 248 3923 quetn
268 3861 408 3920 Phocidem,
423 3862 465 3911 olii
480 3863 620 3912 Ormeuium
637 3877 679 3928 ge·
729 3860 1231 3928 cimusqrmsietreprehendimus-Eunu.

178 3933 359 3985 nuisserolunt.
393 3936 441 3986 Hic
453 3954 507 3986 eum
519 3937 596 3986 amics
606 3938 679 4002 putris
761 3938 820 3986 343.
833 3937 967 3998 Etcnpinnt
984 3938 1069 3983 arsimus
1083 3938 1137 3995 phu
1152 3936 1231 3984 aum

178 4020 229 4055 rem
245 4008 364 4059 hehebat:
389 4010 432 4059 sed
449 4022 502 4076 post
521 4011 609 4060 multas
629 4011 680 4076 ejus
729 4011 798 4074 sum]
832 4011 934 4060 Mallem
956 4012 1003 4058 suis
1024 4007 1132 4064 relinere,
1154 4018 1181 4057 nt
1203 4007 1236 4058 sit

116 4080 121 4090 “
151 4142 154 4147 Ι
178 4078 358 4146 impres-tiones
383 4101 413 4134 ex
431 4085 538 4135 llellade
563 4084 680 4134 discessit.
730 4085 848 4135 sententis
863 4101 892 4134 ex
904 4083 983 4133 medio
993 4083 1077 4150 petita,
1088 4097 1171 4131 omnes
1181 4098 1231 4133 mo·

153 4156 157 4167 '
177 4152 204 4201 1⁸
222 4153 294 4219 igitur
314 4158 345 4207 sd
366 4159 465 4209 Peleurn
486 4159 556 4224 sugit,
573 4160 614 4224 qui
633 4159 681 4207 lilio
731 4159 768 4223 gis
786 4174 872 4224 cupere
891 4158 980 4216 aliens,
998 4156 1056 4223 quin
1074 4155 1176 4207 credunt
1193 4156 1237 4210 illo
