<?xml version="1.0" encoding="UTF-8"?>
<!DOCTYPE html PUBLIC "-//W3C//DTD XHTML 1.0 Transitional//EN"
    "http://www.w3.org/TR/xhtml1/DTD/xhtml1-transitional.dtd">
<html xmlns="http://www.w3.org/1999/xhtml" xml:lang="en" lang="en">
 <head>
  <title>
</title>
<meta http-equiv="Content-Type" content="text/html;charset=utf-8" />
  <meta name='ocr-system' content='tesseract 3.04.00' />
  <meta name='ocr-capabilities' content='ocr_page ocr_carea ocr_par ocr_line ocrx_word'/>
</head>
<body>
  <div class='ocr_page' id='page_1' title='image "./povidiinasoniso01burmgoog_0279.png"; bbox 0 0 2896 4980; ppageno 0'>
   <div class='ocr_carea' id='block_1_1' title="bbox 347 289 1107 367">
    <p class='ocr_par' dir='ltr' id='par_1_1' title="bbox 347 289 1107 367">
     <span class='ocr_line' id='line_1_1' title="bbox 347 289 1107 367; baseline 0.016 -12"><span class='ocrx_word' id='word_1_1' title='bbox 347 289 609 357; x_wconf 84' lang='lat' dir='ltr'>HEROIDES.</span> <span class='ocrx_word' id='word_1_2' title='bbox 632 292 704 358; x_wconf 86' lang='grc' dir='ltr'>ΕΡ.</span> <span class='ocrx_word' id='word_1_3' title='bbox 727 293 817 361; x_wconf 85' lang='grc' dir='ltr'>ΧΧ.</span> <span class='ocrx_word' id='word_1_4' title='bbox 1042 300 1107 367; x_wconf 73' lang='lat'>271</span> 
     </span>
    </p>
   </div>
   <div class='ocr_carea' id='block_1_2' title="bbox 55 463 1106 2309">
    <p class='ocr_par' dir='ltr' id='par_1_2' title="bbox 63 463 981 566">
     <span class='ocr_line' id='line_1_2' title="bbox 63 463 981 566; baseline 0.009 -28"><span class='ocrx_word' id='word_1_5' title='bbox 63 463 120 538; x_wconf 87' lang='lat' dir='ltr'>Sit</span> <span class='ocrx_word' id='word_1_6' title='bbox 135 463 307 551; x_wconf 88' lang='lat' dir='ltr'>dubium,</span> <span class='ocrx_word' id='word_1_7' title='bbox 326 465 497 562; x_wconf 84' lang='lat' dir='ltr'>possisne</span> <span class='ocrx_word' id='word_1_8' title='bbox 514 467 621 565; x_wconf 85' lang='lat' dir='ltr'>capi;</span> <span class='ocrx_word' id='word_1_9' title='bbox 650 470 851 566; x_wconf 79' lang='lat' dir='ltr'><strong>captabere</strong></span> <span class='ocrx_word' id='word_1_10' title='bbox 867 481 981 546; x_wconf 86' lang='lat' dir='ltr'>certe.</span> 
     </span>
    </p>

    <p class='ocr_par' dir='ltr' id='par_1_3' title="bbox 71 579 915 683">
     <span class='ocr_line' id='line_1_3' title="bbox 71 579 915 683; baseline 0.007 -29"><span class='ocrx_word' id='word_1_11' title='bbox 71 602 74 613; x_wconf 92' lang='lat'>·</span> <span class='ocrx_word' id='word_1_12' title='bbox 111 579 250 656; x_wconf 82' lang='lat' dir='ltr'>Exitus</span> <span class='ocrx_word' id='word_1_13' title='bbox 268 581 307 655; x_wconf 93' lang='lat' dir='ltr'>in</span> <span class='ocrx_word' id='word_1_14' title='bbox 325 582 395 656; x_wconf 83' lang='lat' dir='ltr'>Dis</span> <span class='ocrx_word' id='word_1_15' title='bbox 415 595 493 659; x_wconf 91' lang='lat' dir='ltr'>est:</span> <span class='ocrx_word' id='word_1_16' title='bbox 522 586 590 659; x_wconf 91' lang='lat' dir='ltr'>sed</span> <span class='ocrx_word' id='word_1_17' title='bbox 609 585 758 683; x_wconf 82' lang='lat' dir='ltr'>capiere</span> <span class='ocrx_word' id='word_1_18' title='bbox 776 595 915 660; x_wconf 85' lang='lat' dir='ltr'>tamen.</span> 
     </span>
    </p>

    <p class='ocr_par' dir='ltr' id='par_1_4' title="bbox 64 695 1106 914">
     <span class='ocr_line' id='line_1_4' title="bbox 64 695 1106 797; baseline 0.01 -28"><span class='ocrx_word' id='word_1_19' title='bbox 64 695 116 771; x_wconf 90' lang='lat' dir='ltr'>Ut</span> <span class='ocrx_word' id='word_1_20' title='bbox 133 709 281 797; x_wconf 83' lang='lat' dir='ltr'>portem</span> <span class='ocrx_word' id='word_1_21' title='bbox 299 697 469 796; x_wconf 84' lang='lat' dir='ltr'>effugias,</span> <span class='ocrx_word' id='word_1_22' title='bbox 490 725 564 773; x_wconf 89' lang='lat' dir='ltr'>non</span> <span class='ocrx_word' id='word_1_23' title='bbox 581 700 708 775; x_wconf 86' lang='lat' dir='ltr'>omnia</span> <span class='ocrx_word' id='word_1_24' title='bbox 725 700 819 775; x_wconf 84' lang='lat' dir='ltr'>retia</span> <span class='ocrx_word' id='word_1_25' title='bbox 835 700 962 777; x_wconf 85' lang='lat' dir='ltr'>selles:</span> <span class='ocrx_word' id='word_1_26' title='bbox 1056 709 1106 779; x_wconf 90' lang='grc'>45</span> 
     </span>
     <span class='ocr_line' id='line_1_5' title="bbox 109 810 1042 914; baseline 0.006 -27"><span class='ocrx_word' id='word_1_27' title='bbox 109 810 205 898; x_wconf 87' lang='lat' dir='ltr'>Quae</span> <span class='ocrx_word' id='word_1_28' title='bbox 224 813 307 900; x_wconf 95' lang='lat' dir='ltr'>tibi,</span> <span class='ocrx_word' id='word_1_29' title='bbox 326 839 440 912; x_wconf 86' lang='lat' dir='ltr'>quam</span> <span class='ocrx_word' id='word_1_30' title='bbox 457 815 593 903; x_wconf 88' lang='lat' dir='ltr'>credis,</span> <span class='ocrx_word' id='word_1_31' title='bbox 613 813 722 914; x_wconf 86' lang='lat' dir='ltr'>plura</span> <span class='ocrx_word' id='word_1_32' title='bbox 736 817 897 890; x_wconf 90' lang='lat' dir='ltr'>tetendit</span> <span class='ocrx_word' id='word_1_33' title='bbox 914 817 1042 893; x_wconf 89' lang='lat' dir='ltr'>Amor.</span> 
     </span>
    </p>

    <p class='ocr_par' dir='ltr' id='par_1_5' title="bbox 61 928 954 1146">
     <span class='ocr_line' id='line_1_6' title="bbox 61 928 954 1029; baseline 0.003 -26"><span class='ocrx_word' id='word_1_34' title='bbox 61 928 189 1004; x_wconf 91' lang='lat' dir='ltr'>Sinon</span> <span class='ocrx_word' id='word_1_35' title='bbox 207 930 405 1029; x_wconf 86' lang='lat' dir='ltr'>proficiant</span> <span class='ocrx_word' id='word_1_36' title='bbox 422 941 533 1019; x_wconf 74' lang='lat' dir='ltr'>urteS,</span> <span class='ocrx_word' id='word_1_37' title='bbox 552 931 744 1005; x_wconf 87' lang='lat' dir='ltr'>veniemus</span> <span class='ocrx_word' id='word_1_38' title='bbox 762 932 810 1005; x_wconf 84' lang='lat' dir='ltr'>ud</span> <span class='ocrx_word' id='word_1_39' title='bbox 828 956 954 1023; x_wconf 79' lang='lat' dir='ltr'>erina3</span> 
     </span>
     <span class='ocr_line' id='line_1_7' title="bbox 108 1044 837 1146; baseline 0.003 -28"><span class='ocrx_word' id='word_1_40' title='bbox 108 1044 232 1143; x_wconf 89' lang='lat' dir='ltr'>Inque</span> <span class='ocrx_word' id='word_1_41' title='bbox 250 1046 304 1120; x_wconf 90' lang='lat' dir='ltr'>tui</span> <span class='ocrx_word' id='word_1_42' title='bbox 323 1048 461 1146; x_wconf 91' lang='lat' dir='ltr'>cupido</span> <span class='ocrx_word' id='word_1_43' title='bbox 480 1057 588 1146; x_wconf 86' lang='lat' dir='ltr'>rapte</span> <span class='ocrx_word' id='word_1_44' title='bbox 604 1045 722 1121; x_wconf 88' lang='lat' dir='ltr'>ferere</span> <span class='ocrx_word' id='word_1_45' title='bbox 740 1047 837 1120; x_wconf 89' lang='lat' dir='ltr'>sinu.</span> 
     </span>
    </p>

    <p class='ocr_par' dir='ltr' id='par_1_6' title="bbox 60 1159 1105 1379">
     <span class='ocr_line' id='line_1_8' title="bbox 60 1159 1104 1263; baseline 0.011 -29"><span class='ocrx_word' id='word_1_46' title='bbox 60 1159 146 1236; x_wconf 91' lang='lat' dir='ltr'>Non</span> <span class='ocrx_word' id='word_1_47' title='bbox 158 1186 258 1249; x_wconf 90' lang='lat' dir='ltr'>sum,</span> <span class='ocrx_word' id='word_1_48' title='bbox 269 1163 336 1260; x_wconf 92' lang='lat' dir='ltr'>qui</span> <span class='ocrx_word' id='word_1_49' title='bbox 349 1165 489 1238; x_wconf 85' lang='lat' dir='ltr'>soleam</span> <span class='ocrx_word' id='word_1_50' title='bbox 502 1162 650 1238; x_wconf 83' lang='lat' dir='ltr'>Paridis</span> <span class='ocrx_word' id='word_1_51' title='bbox 661 1164 934 1263; x_wconf 90' lang='lat' dir='ltr'>reprehendere</span> <span class='ocrx_word' id='word_1_52' title='bbox 944 1164 1104 1246; x_wconf 84' lang='lat' dir='ltr'>facturn:</span> 
     </span>
     <span class='ocr_line' id='line_1_9' title="bbox 108 1276 1105 1379; baseline 0.007 -28"><span class='ocrx_word' id='word_1_53' title='bbox 108 1276 145 1351; x_wconf 93' lang='lat' dir='ltr'>N</span> <span class='ocrx_word' id='word_1_54' title='bbox 147 1302 192 1353; x_wconf 92' lang='lat' dir='ltr'>ec</span> <span class='ocrx_word' id='word_1_55' title='bbox 211 1301 454 1377; x_wconf 88' lang='lat' dir='ltr'>quemquam,</span> <span class='ocrx_word' id='word_1_56' title='bbox 474 1281 552 1378; x_wconf 91' lang='lat' dir='ltr'>qui,</span> <span class='ocrx_word' id='word_1_57' title='bbox 567 1281 621 1353; x_wconf 91' lang='lat' dir='ltr'>vir</span> <span class='ocrx_word' id='word_1_58' title='bbox 639 1281 762 1379; x_wconf 90' lang='lat' dir='ltr'>possit</span> <span class='ocrx_word' id='word_1_59' title='bbox 779 1291 821 1353; x_wconf 90' lang='lat' dir='ltr'>ut</span> <span class='ocrx_word' id='word_1_60' title='bbox 838 1304 935 1368; x_wconf 90' lang='lat' dir='ltr'>esse,</span> <span class='ocrx_word' id='word_1_61' title='bbox 953 1281 1036 1357; x_wconf 87' lang='lat' dir='ltr'>fuit.</span> <span class='ocrx_word' id='word_1_62' title='bbox 1056 1288 1105 1358; x_wconf 84' lang='lat'>50</span> 
     </span>
    </p>

    <p class='ocr_par' dir='ltr' id='par_1_7' title="bbox 59 1391 1104 1611">
     <span class='ocr_line' id='line_1_10' title="bbox 59 1391 1104 1496; baseline 0.01 -30"><span class='ocrx_word' id='word_1_63' title='bbox 59 1391 139 1468; x_wconf 88' lang='lat' dir='ltr'>Nos</span> <span class='ocrx_word' id='word_1_64' title='bbox 158 1419 333 1493; x_wconf 91' lang='lat' dir='ltr'>quoque:</span> <span class='ocrx_word' id='word_1_65' title='bbox 353 1397 421 1470; x_wconf 91' lang='lat' dir='ltr'>sed</span> <span class='ocrx_word' id='word_1_66' title='bbox 438 1406 560 1470; x_wconf 80' lang='lat' dir='ltr'>taceo,</span> <span class='ocrx_word' id='word_1_67' title='bbox 590 1419 689 1468; x_wconf 90' lang='lat' dir='ltr'>mors</span> <span class='ocrx_word' id='word_1_68' title='bbox 707 1395 819 1491; x_wconf 90' lang='lat' dir='ltr'>hujus</span> <span class='ocrx_word' id='word_1_69' title='bbox 837 1420 949 1494; x_wconf 86' lang='lat' dir='ltr'>poene</span> <span class='ocrx_word' id='word_1_70' title='bbox 965 1398 1104 1496; x_wconf 85' lang='lat' dir='ltr'>rapinoe</span> 
     </span>
     <span class='ocr_line' id='line_1_11' title="bbox 108 1509 977 1611; baseline 0.005 -29"><span class='ocrx_word' id='word_1_71' title='bbox 108 1509 163 1585; x_wconf 91' lang='lat' dir='ltr'>Ut</span> <span class='ocrx_word' id='word_1_72' title='bbox 180 1510 241 1598; x_wconf 91' lang='lat' dir='ltr'>sit,</span> <span class='ocrx_word' id='word_1_73' title='bbox 256 1523 337 1585; x_wconf 82' lang='lat' dir='ltr'>erut</span> <span class='ocrx_word' id='word_1_74' title='bbox 354 1536 469 1611; x_wconf 84' lang='lat' dir='ltr'>quam</span> <span class='ocrx_word' id='word_1_75' title='bbox 486 1522 525 1585; x_wconf 92' lang='lat' dir='ltr'>te</span> <span class='ocrx_word' id='word_1_76' title='bbox 543 1536 617 1584; x_wconf 88' lang='lat' dir='ltr'>uon</span> <span class='ocrx_word' id='word_1_77' title='bbox 635 1511 824 1596; x_wconf 84' lang='lat' dir='ltr'>habuisse,</span> <span class='ocrx_word' id='word_1_78' title='bbox 844 1511 977 1587; x_wconf 91' lang='lat' dir='ltr'>minor.</span> 
     </span>
    </p>

    <p class='ocr_par' dir='ltr' id='par_1_8' title="bbox 57 1624 977 1841">
     <span class='ocr_line' id='line_1_12' title="bbox 57 1624 977 1727; baseline 0.009 -31"><span class='ocrx_word' id='word_1_79' title='bbox 57 1624 133 1700; x_wconf 88' lang='lat' dir='ltr'>Aut</span> <span class='ocrx_word' id='word_1_80' title='bbox 151 1651 256 1701; x_wconf 87' lang='lat' dir='ltr'>esses</span> <span class='ocrx_word' id='word_1_81' title='bbox 274 1628 436 1702; x_wconf 80' lang='lat' dir='ltr'>formosa</span> <span class='ocrx_word' id='word_1_82' title='bbox 453 1629 588 1715; x_wconf 91' lang='lat' dir='ltr'>minus,</span> <span class='ocrx_word' id='word_1_83' title='bbox 608 1638 777 1727; x_wconf 88' lang='lat' dir='ltr'>peterere</span> <span class='ocrx_word' id='word_1_84' title='bbox 795 1629 977 1704; x_wconf 90' lang='lat' dir='ltr'>modeste.</span> 
     </span>
     <span class='ocr_line' id='line_1_13' title="bbox 105 1742 778 1841; baseline 0.004 -27"><span class='ocrx_word' id='word_1_85' title='bbox 105 1742 284 1817; x_wconf 84' lang='lat' dir='ltr'>Audaces</span> <span class='ocrx_word' id='word_1_86' title='bbox 299 1743 394 1818; x_wconf 85' lang='lat' dir='ltr'>facie</span> <span class='ocrx_word' id='word_1_87' title='bbox 412 1743 581 1841; x_wconf 85' lang='lat' dir='ltr'>cogimur</span> <span class='ocrx_word' id='word_1_88' title='bbox 598 1766 683 1816; x_wconf 88' lang='lat' dir='ltr'>esse</span> <span class='ocrx_word' id='word_1_89' title='bbox 697 1744 778 1817; x_wconf 72' lang='lat' dir='ltr'>tub.</span> 
     </span>
    </p>

    <p class='ocr_par' dir='ltr' id='par_1_9' title="bbox 56 1854 1101 2072">
     <span class='ocr_line' id='line_1_14' title="bbox 56 1854 1073 1957; baseline 0.008 -28"><span class='ocrx_word' id='word_1_90' title='bbox 56 1854 113 1930; x_wconf 91' lang='lat' dir='ltr'>Tu</span> <span class='ocrx_word' id='word_1_91' title='bbox 129 1856 224 1931; x_wconf 85' lang='lat' dir='ltr'>lacis</span> <span class='ocrx_word' id='word_1_92' title='bbox 242 1859 327 1947; x_wconf 89' lang='lat' dir='ltr'>hoc,</span> <span class='ocrx_word' id='word_1_93' title='bbox 346 1860 523 1957; x_wconf 90' lang='lat' dir='ltr'>oculique</span> <span class='ocrx_word' id='word_1_94' title='bbox 541 1859 617 1946; x_wconf 92' lang='lat' dir='ltr'>tui;</span> <span class='ocrx_word' id='word_1_95' title='bbox 647 1857 785 1956; x_wconf 90' lang='lat' dir='ltr'>quibus</span> <span class='ocrx_word' id='word_1_96' title='bbox 803 1859 915 1956; x_wconf 86' lang='lat' dir='ltr'>ignee</span> <span class='ocrx_word' id='word_1_97' title='bbox 932 1862 1073 1937; x_wconf 88' lang='lat' dir='ltr'>cedunt</span> 
     </span>
     <span class='ocr_line' id='line_1_15' title="bbox 107 1972 1101 2072; baseline 0.009 -27"><span class='ocrx_word' id='word_1_98' title='bbox 107 1972 259 2062; x_wconf 83' lang='lat' dir='ltr'>Sidera3</span> <span class='ocrx_word' id='word_1_99' title='bbox 281 1976 347 2072; x_wconf 91' lang='lat' dir='ltr'>qui</span> <span class='ocrx_word' id='word_1_100' title='bbox 365 1976 526 2049; x_wconf 86' lang='lat' dir='ltr'>flammae</span> <span class='ocrx_word' id='word_1_101' title='bbox 544 1997 680 2048; x_wconf 84' lang='lat' dir='ltr'>caussa</span> <span class='ocrx_word' id='word_1_102' title='bbox 696 1972 800 2049; x_wconf 87' lang='lat' dir='ltr'>fuere</span> <span class='ocrx_word' id='word_1_103' title='bbox 819 2001 925 2051; x_wconf 90' lang='lat' dir='ltr'>meae.</span> <span class='ocrx_word' id='word_1_104' title='bbox 1053 1983 1101 2054; x_wconf 88' lang='lat'>56</span> 
     </span>
    </p>

    <p class='ocr_par' dir='ltr' id='par_1_10' title="bbox 55 2086 1073 2309">
     <span class='ocr_line' id='line_1_16' title="bbox 55 2086 961 2184; baseline 0.008 -23"><span class='ocrx_word' id='word_1_105' title='bbox 55 2086 137 2164; x_wconf 89' lang='lat' dir='ltr'>Hoc</span> <span class='ocrx_word' id='word_1_106' title='bbox 155 2091 242 2166; x_wconf 84' lang='lat' dir='ltr'>fluvi</span> <span class='ocrx_word' id='word_1_107' title='bbox 260 2091 402 2167; x_wconf 83' lang='lat' dir='ltr'>faciunt</span> <span class='ocrx_word' id='word_1_108' title='bbox 419 2093 554 2180; x_wconf 91' lang='lat' dir='ltr'>crines,</span> <span class='ocrx_word' id='word_1_109' title='bbox 575 2103 614 2167; x_wconf 92' lang='lat' dir='ltr'>et</span> <span class='ocrx_word' id='word_1_110' title='bbox 632 2093 797 2167; x_wconf 84' lang='lat' dir='ltr'>eburnea</span> <span class='ocrx_word' id='word_1_111' title='bbox 813 2094 961 2184; x_wconf 88' lang='lat' dir='ltr'>cervix;</span> 
     </span>
     <span class='ocr_line' id='line_1_17' title="bbox 104 2206 1073 2309; baseline 0.006 -28"><span class='ocrx_word' id='word_1_112' title='bbox 104 2206 290 2308; x_wconf 86' lang='lat' dir='ltr'>Quaeque,</span> <span class='ocrx_word' id='word_1_113' title='bbox 309 2235 453 2309; x_wconf 89' lang='lat' dir='ltr'>precor,</span> <span class='ocrx_word' id='word_1_114' title='bbox 473 2212 626 2286; x_wconf 86' lang='lat' dir='ltr'>veniant</span> <span class='ocrx_word' id='word_1_115' title='bbox 644 2211 682 2284; x_wconf 92' lang='lat' dir='ltr'>in</span> <span class='ocrx_word' id='word_1_116' title='bbox 699 2235 785 2285; x_wconf 86' lang='lat' dir='ltr'>mea</span> <span class='ocrx_word' id='word_1_117' title='bbox 802 2210 900 2285; x_wconf 85' lang='lat' dir='ltr'>colle</span> <span class='ocrx_word' id='word_1_118' title='bbox 917 2235 1073 2287; x_wconf 86' lang='lat' dir='ltr'>manus:</span> 
     </span>
    </p>
   </div>
   <div class='ocr_carea' id='block_1_3' title="bbox 44 2417 1102 3298">
    <p class='ocr_par' dir='ltr' id='par_1_11' title="bbox 44 2417 1102 3298">
     <span class='ocr_line' id='line_1_18' title="bbox 59 2417 1101 2484; baseline 0.006 -21"><span class='ocrx_word' id='word_1_119' title='bbox 59 2456 63 2462; x_wconf 96' lang='lat'>.</span> <span class='ocrx_word' id='word_1_120' title='bbox 84 2417 125 2465; x_wconf 75' lang='lat' dir='ltr'>ts.</span> <span class='ocrx_word' id='word_1_121' title='bbox 149 2418 233 2467; x_wconf 78' lang='lat' dir='ltr'>Esitus</span> <span class='ocrx_word' id='word_1_122' title='bbox 250 2421 276 2467; x_wconf 80' lang='lat' dir='ltr'>in</span> <span class='ocrx_word' id='word_1_123' title='bbox 295 2421 352 2484; x_wconf 69' lang='lat' dir='ltr'>diu]</span> <span class='ocrx_word' id='word_1_124' title='bbox 379 2419 410 2468; x_wconf 80' lang='lat' dir='ltr'>In</span> <span class='ocrx_word' id='word_1_125' title='bbox 430 2423 499 2469; x_wconf 78' lang='lat' dir='ltr'>dubio</span> <span class='ocrx_word' id='word_1_126' title='bbox 518 2432 551 2470; x_wconf 82' lang='lat' dir='ltr'>est</span> <span class='ocrx_word' id='word_1_127' title='bbox 635 2422 677 2470; x_wconf 80' lang='lat'>57.</span> <span class='ocrx_word' id='word_1_128' title='bbox 695 2420 745 2469; x_wconf 81' lang='lat' dir='ltr'>Hoc</span> <span class='ocrx_word' id='word_1_129' title='bbox 754 2419 1027 2484; x_wconf 65' lang='lat' dir='ltr'>suriuntjlucicrines]</span> <span class='ocrx_word' id='word_1_130' title='bbox 1047 2418 1101 2469; x_wconf 80' lang='lat' dir='ltr'>Flu·</span> 
     </span>
     <span class='ocr_line' id='line_1_19' title="bbox 54 2488 1102 2559; baseline 0.002 -18"><span class='ocrx_word' id='word_1_131' title='bbox 54 2488 248 2558; x_wconf 80' lang='lat' dir='ltr'>thtorplriunus.</span> <span class='ocrx_word' id='word_1_132' title='bbox 259 2492 293 2542; x_wconf 85' lang='lat' dir='ltr'>nil</span> <span class='ocrx_word' id='word_1_133' title='bbox 304 2503 378 2543; x_wconf 77' lang='lat' dir='ltr'>ronta.</span> <span class='ocrx_word' id='word_1_134' title='bbox 399 2494 533 2558; x_wconf 77' lang='lat' dir='ltr'>Pindarus:</span> <span class='ocrx_word' id='word_1_135' title='bbox 602 2509 647 2544; x_wconf 84' lang='lat' dir='ltr'>rus</span> <span class='ocrx_word' id='word_1_136' title='bbox 665 2494 774 2559; x_wconf 84' lang='lat' dir='ltr'>capillus,</span> <span class='ocrx_word' id='word_1_137' title='bbox 792 2504 819 2542; x_wconf 93' lang='lat' dir='ltr'>ut</span> <span class='ocrx_word' id='word_1_138' title='bbox 835 2493 910 2557; x_wconf 80' lang='lat' dir='ltr'>niger,</span> <span class='ocrx_word' id='word_1_139' title='bbox 924 2492 1102 2543; x_wconf 81' lang='lat' dir='ltr'>commendetur</span> 
     </span>
     <span class='ocr_line' id='line_1_20' title="bbox 85 2565 1100 2636; baseline 0.003 -21"><span class='ocrx_word' id='word_1_140' title='bbox 85 2566 141 2616; x_wconf 71' lang='grc' dir='ltr'>Νῦν</span> <span class='ocrx_word' id='word_1_141' title='bbox 150 2565 170 2617; x_wconf 76' lang='grc' dir='ltr'>δ’</span> <span class='ocrx_word' id='word_1_142' title='bbox 180 2567 288 2633; x_wconf 75' lang='grc' dir='ltr'>ἔλπομαι</span> <span class='ocrx_word' id='word_1_143' title='bbox 296 2570 351 2634; x_wconf 71' lang='grc' dir='ltr'>μὲν,</span> <span class='ocrx_word' id='word_1_144' title='bbox 364 2568 391 2618; x_wconf 77' lang='lat' dir='ltr'>lu</span> <span class='ocrx_word' id='word_1_145' title='bbox 400 2569 449 2634; x_wconf 72' lang='grc' dir='ltr'>θεῷ</span> <span class='ocrx_word' id='word_1_146' title='bbox 461 2587 488 2636; x_wconf 80' lang='grc' dir='ltr'>γε</span> <span class='ocrx_word' id='word_1_147' title='bbox 499 2572 552 2635; x_wconf 75' lang='grc' dir='ltr'>μὰν</span> <span class='ocrx_word' id='word_1_148' title='bbox 602 2565 627 2617; x_wconf 93' lang='lat' dir='ltr'>in</span> <span class='ocrx_word' id='word_1_149' title='bbox 638 2568 734 2634; x_wconf 85' lang='lat' dir='ltr'>puellis.</span> <span class='ocrx_word' id='word_1_150' title='bbox 751 2568 785 2617; x_wconf 90' lang='lat' dir='ltr'>sic</span> <span class='ocrx_word' id='word_1_151' title='bbox 796 2567 826 2616; x_wconf 87' lang='lat' dir='ltr'>de</span> <span class='ocrx_word' id='word_1_152' title='bbox 837 2568 948 2618; x_wconf 75' lang='lat' dir='ltr'>lucretia</span> <span class='ocrx_word' id='word_1_153' title='bbox 958 2576 1008 2617; x_wconf 84' lang='lat' dir='ltr'>ert.</span> <span class='ocrx_word' id='word_1_154' title='bbox 1019 2568 1062 2617; x_wconf 91' lang='lat' dir='ltr'>lib.</span> <span class='ocrx_word' id='word_1_155' title='bbox 1073 2568 1100 2618; x_wconf 90' lang='lat' dir='ltr'>ii.</span> 
     </span>
     <span class='ocr_line' id='line_1_21' title="bbox 116 2638 1028 2701; baseline -0.004 -10"><span class='ocrx_word' id='word_1_156' title='bbox 116 2638 197 2701; x_wconf 61' lang='grc' dir='ltr'>[ἕλος.</span> <span class='ocrx_word' id='word_1_157' title='bbox 428 2643 519 2693; x_wconf 70' lang='lat' dir='ltr'>Herus.</span> <span class='ocrx_word' id='word_1_158' title='bbox 602 2642 668 2691; x_wconf 82' lang='lat' dir='ltr'>l&#39;ust.</span> <span class='ocrx_word' id='word_1_159' title='bbox 1022 2670 1028 2687; x_wconf 79' lang='grc'><strong>«</strong></span> 
     </span>
     <span class='ocr_line' id='line_1_22' title="bbox 85 2713 1101 2783; baseline 0 -19"><span class='ocrx_word' id='word_1_160' title='bbox 85 2713 126 2764; x_wconf 69' lang='lat' dir='ltr'>ib.</span> <span class='ocrx_word' id='word_1_161' title='bbox 146 2715 236 2779; x_wconf 80' lang='lat' dir='ltr'>Cupido</span> <span class='ocrx_word' id='word_1_162' title='bbox 245 2716 322 2779; x_wconf 79' lang='lat' dir='ltr'>sinu]</span> <span class='ocrx_word' id='word_1_163' title='bbox 342 2716 484 2782; x_wconf 81' lang='lat' dir='ltr'>Respexisse</span> <span class='ocrx_word' id='word_1_164' title='bbox 493 2726 551 2783; x_wconf 88' lang='lat' dir='ltr'>puto</span> <span class='ocrx_word' id='word_1_165' title='bbox 635 2715 811 2777; x_wconf 77' lang='lat' dir='ltr'>Formuplocet,</span> <span class='ocrx_word' id='word_1_166' title='bbox 822 2716 1101 2781; x_wconf 77' lang='lat' dir='ltr'>rrioeusquerolor,fluvi-</span> 
     </span>
     <span class='ocr_line' id='line_1_23' title="bbox 54 2787 838 2856; baseline -0.005 -17"><span class='ocrx_word' id='word_1_167' title='bbox 54 2787 205 2856; x_wconf 81' lang='lat' dir='ltr'>sdjursnum</span> <span class='ocrx_word' id='word_1_168' title='bbox 213 2789 343 2856; x_wconf 84' lang='lat' dir='ltr'>ingenium,</span> <span class='ocrx_word' id='word_1_169' title='bbox 351 2790 400 2856; x_wconf 87' lang='lat' dir='ltr'>qui,</span> <span class='ocrx_word' id='word_1_170' title='bbox 409 2800 436 2840; x_wconf 86' lang='lat' dir='ltr'>ut</span> <span class='ocrx_word' id='word_1_171' title='bbox 444 2790 551 2840; x_wconf 81' lang='lat' dir='ltr'>eitAris·</span> <span class='ocrx_word' id='word_1_172' title='bbox 698 2790 838 2852; x_wconf 78' lang='lat' dir='ltr'>quecupitti,</span> 
     </span>
     <span class='ocr_line' id='line_1_24' title="bbox 54 2861 1101 2928; baseline -0.001 -15"><span class='ocrx_word' id='word_1_173' title='bbox 54 2862 137 2914; x_wconf 67' lang='lat' dir='ltr'>tutela</span> <span class='ocrx_word' id='word_1_174' title='bbox 156 2862 200 2914; x_wconf 89' lang='lat' dir='ltr'>lib.</span> <span class='ocrx_word' id='word_1_175' title='bbox 221 2864 248 2913; x_wconf 91' lang='lat' dir='ltr'>ii.</span> <span class='ocrx_word' id='word_1_176' title='bbox 269 2864 369 2914; x_wconf 77' lang='lat' dir='ltr'>libetur.</span> <span class='ocrx_word' id='word_1_177' title='bbox 389 2868 468 2928; x_wconf 83' lang='lat' dir='ltr'>cupidi</span> <span class='ocrx_word' id='word_1_178' title='bbox 489 2876 551 2914; x_wconf 83' lang='lat' dir='ltr'>sunt.</span> <span class='ocrx_word' id='word_1_179' title='bbox 668 2862 776 2926; x_wconf 79' lang='lat' dir='ltr'>Quodque</span> <span class='ocrx_word' id='word_1_180' title='bbox 794 2865 874 2911; x_wconf 64' lang='lat' dir='ltr'>odunt</span> <span class='ocrx_word' id='word_1_181' title='bbox 895 2863 962 2910; x_wconf 81' lang='lat' dir='ltr'>nulls</span> <span class='ocrx_word' id='word_1_182' title='bbox 972 2861 1057 2926; x_wconf 81' lang='lat' dir='ltr'>suctus</span> <span class='ocrx_word' id='word_1_183' title='bbox 1072 2865 1101 2912; x_wconf 84' lang='lat' dir='ltr'>ab</span> 
     </span>
     <span class='ocr_line' id='line_1_25' title="bbox 54 2936 825 2995; baseline -0.003 -8"><span class='ocrx_word' id='word_1_184' title='bbox 54 2936 272 2995; x_wconf 77' lang='lat' dir='ltr'>Quilinunrilln:</span> <span class='ocrx_word' id='word_1_185' title='bbox 697 2947 748 2986; x_wconf 80' lang='lat' dir='ltr'>arte</span> <span class='ocrx_word' id='word_1_186' title='bbox 758 2939 825 2985; x_wconf 83' lang='lat' dir='ltr'>color.</span> 
     </span>
     <span class='ocr_line' id='line_1_26' title="bbox 85 3008 950 3075; baseline -0.003 -15"><span class='ocrx_word' id='word_1_187' title='bbox 85 3013 198 3075; x_wconf 74' lang='lat' dir='ltr'>Ajseerrs</span> <span class='ocrx_word' id='word_1_188' title='bbox 213 3023 237 3061; x_wconf 76' lang='lat' dir='ltr'>et</span> <span class='ocrx_word' id='word_1_189' title='bbox 253 3014 335 3075; x_wconf 78' lang='lat' dir='ltr'>crrpido</span> <span class='ocrx_word' id='word_1_190' title='bbox 343 3015 452 3062; x_wconf 78' lang='lat' dir='ltr'>credatur</span> <span class='ocrx_word' id='word_1_191' title='bbox 461 3015 552 3061; x_wconf 79' lang='lat' dir='ltr'>redditu</span> <span class='ocrx_word' id='word_1_192' title='bbox 602 3008 671 3071; x_wconf 81' lang='lat' dir='ltr'>Virg.</span> <span class='ocrx_word' id='word_1_193' title='bbox 683 3008 727 3058; x_wconf 89' lang='lat' dir='ltr'>lib.</span> <span class='ocrx_word' id='word_1_194' title='bbox 739 3010 773 3059; x_wconf 88' lang='lat' dir='ltr'>iv.</span> <span class='ocrx_word' id='word_1_195' title='bbox 785 3009 883 3059; x_wconf 88' lang='lat' dir='ltr'>AEneid.</span> <span class='ocrx_word' id='word_1_196' title='bbox 893 3009 950 3058; x_wconf 81' lang='grc'><strong>698.</strong></span> 
     </span>
     <span class='ocr_line' id='line_1_27' title="bbox 116 3083 1100 3153; baseline -0.004 -17"><span class='ocrx_word' id='word_1_197' title='bbox 116 3087 199 3153; x_wconf 76' lang='lat' dir='ltr'>virgei</span> <span class='ocrx_word' id='word_1_198' title='bbox 635 3083 744 3132; x_wconf 85' lang='lat' dir='ltr'>Nondum</span> <span class='ocrx_word' id='word_1_199' title='bbox 754 3086 792 3132; x_wconf 82' lang='lat' dir='ltr'>illi</span> <span class='ocrx_word' id='word_1_200' title='bbox 798 3086 891 3148; x_wconf 78' lang='lat' dir='ltr'>flauum</span> <span class='ocrx_word' id='word_1_201' title='bbox 902 3083 1040 3145; x_wconf 76' lang='lat' dir='ltr'>Proserpina</span> <span class='ocrx_word' id='word_1_202' title='bbox 1050 3099 1100 3132; x_wconf 79' lang='lat' dir='ltr'>ver·</span> 
     </span>
     <span class='ocr_line' id='line_1_28' title="bbox 44 3158 957 3209; baseline -0.003 -1"><span class='ocrx_word' id='word_1_203' title='bbox 44 3158 96 3209; x_wconf 70' lang='lat' dir='ltr'>-Ete</span> <span class='ocrx_word' id='word_1_204' title='bbox 666 3160 710 3206; x_wconf 76' lang='lat' dir='ltr'>lios</span> <span class='ocrx_word' id='word_1_205' title='bbox 720 3161 805 3207; x_wconf 78' lang='lat' dir='ltr'>crinem</span> <span class='ocrx_word' id='word_1_206' title='bbox 816 3160 957 3206; x_wconf 78' lang='lat' dir='ltr'>Abstulerat.</span> 
     </span>
     <span class='ocr_line' id='line_1_29' title="bbox 61 3231 1100 3298; baseline -0.001 -15"><span class='ocrx_word' id='word_1_207' title='bbox 61 3264 65 3269; x_wconf 93' lang='lat'>·</span> <span class='ocrx_word' id='word_1_208' title='bbox 86 3233 144 3283; x_wconf 71' lang='lat' dir='ltr'>Usus</span> <span class='ocrx_word' id='word_1_209' title='bbox 159 3238 262 3298; x_wconf 80' lang='lat' dir='ltr'>primum</span> <span class='ocrx_word' id='word_1_210' title='bbox 276 3237 358 3297; x_wconf 81' lang='lat' dir='ltr'>cupido</span> <span class='ocrx_word' id='word_1_211' title='bbox 377 3235 451 3284; x_wconf 78' lang='lat' dir='ltr'>Venus</span> <span class='ocrx_word' id='word_1_212' title='bbox 465 3246 498 3283; x_wconf 83' lang='lat' dir='ltr'>est</span> <span class='ocrx_word' id='word_1_213' title='bbox 510 3238 550 3283; x_wconf 80' lang='lat' dir='ltr'>ds·</span> <span class='ocrx_word' id='word_1_214' title='bbox 601 3231 700 3281; x_wconf 80' lang='lat' dir='ltr'>Pellitur</span> <span class='ocrx_word' id='word_1_215' title='bbox 710 3232 744 3281; x_wconf 89' lang='lat' dir='ltr'>ibi</span> <span class='ocrx_word' id='word_1_216' title='bbox 754 3232 850 3283; x_wconf 87' lang='lat' dir='ltr'>doctiss.</span> <span class='ocrx_word' id='word_1_217' title='bbox 862 3232 986 3297; x_wconf 84' lang='lat' dir='ltr'>interpres,</span> <span class='ocrx_word' id='word_1_218' title='bbox 996 3232 1100 3290; x_wconf 78' lang='lat' dir='ltr'>Servius,</span> 
     </span>
    </p>
   </div>
   <div class='ocr_carea' id='block_1_4' title="bbox 114 3307 1098 3374">
    <p class='ocr_par' dir='ltr' id='par_1_12' title="bbox 114 3307 1098 3374">
     <span class='ocr_line' id='line_1_30' title="bbox 114 3307 1098 3374; baseline -0.001 -16"><span class='ocrx_word' id='word_1_219' title='bbox 114 3310 187 3358; x_wconf 79' lang='lat' dir='ltr'>ductu</span> <span class='ocrx_word' id='word_1_220' title='bbox 197 3312 290 3357; x_wconf 73' lang='lat' dir='ltr'>mrito.</span> <span class='ocrx_word' id='word_1_221' title='bbox 445 3309 516 3357; x_wconf 89' lang='lat' dir='ltr'>Cror.</span> <span class='ocrx_word' id='word_1_222' title='bbox 601 3307 642 3372; x_wconf 90' lang='lat' dir='ltr'>qui</span> <span class='ocrx_word' id='word_1_223' title='bbox 660 3307 711 3357; x_wconf 80' lang='lat' dir='ltr'>haec</span> <span class='ocrx_word' id='word_1_224' title='bbox 729 3307 825 3358; x_wconf 85' lang='lat' dir='ltr'>scribit:</span> <span class='ocrx_word' id='word_1_225' title='bbox 843 3309 997 3357; x_wconf 72' lang='lat' dir='ltr'>Abscondunts</span> <span class='ocrx_word' id='word_1_226' title='bbox 1009 3309 1098 3374; x_wconf 79' lang='lat' dir='ltr'>gotero.</span> 
     </span>
    </p>
   </div>
   <div class='ocr_carea' id='block_1_5' title="bbox 51 3382 550 4190">
    <p class='ocr_par' dir='ltr' id='par_1_13' title="bbox 51 3382 550 4190">
     <span class='ocr_line' id='line_1_31' title="bbox 84 3382 549 3446; baseline 0.002 -15"><span class='ocrx_word' id='word_1_227' title='bbox 84 3382 125 3432; x_wconf 80' lang='grc'>49.</span> <span class='ocrx_word' id='word_1_228' title='bbox 136 3382 190 3432; x_wconf 83' lang='lat' dir='ltr'>Nou</span> <span class='ocrx_word' id='word_1_229' title='bbox 200 3399 250 3431; x_wconf 74' lang='lat' dir='ltr'>rum</span> <span class='ocrx_word' id='word_1_230' title='bbox 260 3384 299 3445; x_wconf 77' lang='lat' dir='ltr'>qui</span> <span class='ocrx_word' id='word_1_231' title='bbox 309 3382 411 3446; x_wconf 74' lang='lat' dir='ltr'>toltum]</span> <span class='ocrx_word' id='word_1_232' title='bbox 431 3383 506 3432; x_wconf 77' lang='lat' dir='ltr'>Plena</span> <span class='ocrx_word' id='word_1_233' title='bbox 516 3382 549 3432; x_wconf 92' lang='lat' dir='ltr'>lo·</span> 
     </span>
     <span class='ocr_line' id='line_1_32' title="bbox 53 3456 550 3519; baseline -0.002 -12"><span class='ocrx_word' id='word_1_234' title='bbox 53 3457 116 3507; x_wconf 74' lang='lat' dir='ltr'>tutio</span> <span class='ocrx_word' id='word_1_235' title='bbox 123 3466 195 3514; x_wconf 84' lang='lat' dir='ltr'>esset,</span> <span class='ocrx_word' id='word_1_236' title='bbox 207 3474 253 3505; x_wconf 77' lang='lat' dir='ltr'>nors</span> <span class='ocrx_word' id='word_1_237' title='bbox 263 3459 282 3504; x_wconf 79' lang='lat' dir='ltr'>s&#39;s</span> <span class='ocrx_word' id='word_1_238' title='bbox 292 3474 350 3513; x_wconf 81' lang='lat' dir='ltr'>sum,</span> <span class='ocrx_word' id='word_1_239' title='bbox 358 3460 397 3519; x_wconf 79' lang='lat' dir='ltr'>qui</span> <span class='ocrx_word' id='word_1_240' title='bbox 407 3458 497 3506; x_wconf 79' lang='lat' dir='ltr'>soleam.</span> <span class='ocrx_word' id='word_1_241' title='bbox 508 3456 550 3506; x_wconf 88' lang='lat' dir='ltr'>lib.</span> 
     </span>
     <span class='ocr_line' id='line_1_33' title="bbox 52 3528 549 3595; baseline 0.002 -16"><span class='ocrx_word' id='word_1_242' title='bbox 52 3529 71 3579; x_wconf 88' lang='lat' dir='ltr'>i.</span> <span class='ocrx_word' id='word_1_243' title='bbox 80 3528 163 3582; x_wconf 77' lang='lat' dir='ltr'>Amor.</span> <span class='ocrx_word' id='word_1_244' title='bbox 175 3530 218 3580; x_wconf 83' lang='lat' dir='ltr'>xii.</span> <span class='ocrx_word' id='word_1_245' title='bbox 230 3532 273 3579; x_wconf 78' lang='lat'>29.</span> <span class='ocrx_word' id='word_1_246' title='bbox 306 3530 359 3579; x_wconf 84' lang='lat' dir='ltr'>Nou</span> <span class='ocrx_word' id='word_1_247' title='bbox 370 3542 411 3587; x_wconf 79' lang='lat' dir='ltr'>est,</span> <span class='ocrx_word' id='word_1_248' title='bbox 423 3534 462 3595; x_wconf 76' lang='lat' dir='ltr'>qui</span> <span class='ocrx_word' id='word_1_249' title='bbox 473 3533 549 3580; x_wconf 79' lang='lat' dir='ltr'>debent</span> 
     </span>
     <span class='ocr_line' id='line_1_34' title="bbox 53 3603 549 3672; baseline -0.004 -16"><span class='ocrx_word' id='word_1_250' title='bbox 53 3606 211 3672; x_wconf 63' lang='lat' dir='ltr'>tripleurus</span> <span class='ocrx_word' id='word_1_251' title='bbox 227 3603 370 3654; x_wconf 87' lang='lat' dir='ltr'>locutionem</span> <span class='ocrx_word' id='word_1_252' title='bbox 389 3605 471 3664; x_wconf 86' lang='lat' dir='ltr'>lrabes,</span> <span class='ocrx_word' id='word_1_253' title='bbox 487 3605 549 3670; x_wconf 75' lang='lat' dir='ltr'>apud</span> 
     </span>
     <span class='ocr_line' id='line_1_35' title="bbox 54 3677 550 3730; baseline 0 -2"><span class='ocrx_word' id='word_1_254' title='bbox 54 3677 190 3730; x_wconf 63' lang='lat' dir='ltr'>Ciceronem</span> <span class='ocrx_word' id='word_1_255' title='bbox 204 3678 239 3728; x_wconf 86' lang='lat' dir='ltr'>iv.</span> <span class='ocrx_word' id='word_1_256' title='bbox 256 3678 287 3728; x_wconf 79' lang='lat' dir='ltr'>sd</span> <span class='ocrx_word' id='word_1_257' title='bbox 298 3679 366 3728; x_wconf 80' lang='lat' dir='ltr'>Furn.</span> <span class='ocrx_word' id='word_1_258' title='bbox 378 3681 404 3728; x_wconf 78' lang='lat'>2.</span> <span class='ocrx_word' id='word_1_259' title='bbox 432 3681 457 3727; x_wconf 80' lang='lat' dir='ltr'>Si</span> <span class='ocrx_word' id='word_1_260' title='bbox 467 3682 485 3727; x_wconf 80' lang='lat' dir='ltr'>it</span> <span class='ocrx_word' id='word_1_261' title='bbox 495 3696 550 3728; x_wconf 81' lang='lat' dir='ltr'>esre·</span> 
     </span>
     <span class='ocr_line' id='line_1_36' title="bbox 51 3754 549 3819; baseline -0.002 -16"><span class='ocrx_word' id='word_1_262' title='bbox 51 3764 108 3812; x_wconf 61' lang='lat' dir='ltr'>fles,</span> <span class='ocrx_word' id='word_1_263' title='bbox 123 3758 164 3819; x_wconf 74' lang='lat' dir='ltr'>qui</span> <span class='ocrx_word' id='word_1_264' title='bbox 180 3756 290 3804; x_wconf 73' lang='lat' dir='ltr'>debemr.</span> <span class='ocrx_word' id='word_1_265' title='bbox 306 3763 331 3803; x_wconf 83' lang='lat' dir='ltr'>et</span> <span class='ocrx_word' id='word_1_266' title='bbox 347 3754 438 3803; x_wconf 79' lang='lat' dir='ltr'>Lucan.</span> <span class='ocrx_word' id='word_1_267' title='bbox 455 3755 473 3803; x_wconf 89' lang='lat' dir='ltr'>i.</span> <span class='ocrx_word' id='word_1_268' title='bbox 493 3754 549 3802; x_wconf 79' lang='lat'>171.</span> 
     </span>
     <span class='ocr_line' id='line_1_37' title="bbox 54 3825 548 3892; baseline 0 -17"><span class='ocrx_word' id='word_1_269' title='bbox 54 3825 105 3877; x_wconf 82' lang='lat' dir='ltr'>Nsrr</span> <span class='ocrx_word' id='word_1_270' title='bbox 118 3839 170 3878; x_wconf 79' lang='lat' dir='ltr'>erat</span> <span class='ocrx_word' id='word_1_271' title='bbox 187 3831 208 3877; x_wconf 80' lang='lat' dir='ltr'>is</span> <span class='ocrx_word' id='word_1_272' title='bbox 220 3828 326 3892; x_wconf 82' lang='lat' dir='ltr'>populus,</span> <span class='ocrx_word' id='word_1_273' title='bbox 343 3845 407 3891; x_wconf 73' lang='lat' dir='ltr'>ptem</span> <span class='ocrx_word' id='word_1_274' title='bbox 421 3844 465 3890; x_wconf 81' lang='lat' dir='ltr'>pur</span> <span class='ocrx_word' id='word_1_275' title='bbox 484 3838 548 3875; x_wconf 83' lang='lat' dir='ltr'>tran·</span> 
     </span>
     <span class='ocr_line' id='line_1_38' title="bbox 52 3900 549 3966; baseline -0.008 -14"><span class='ocrx_word' id='word_1_276' title='bbox 52 3903 123 3964; x_wconf 69' lang='lat' dir='ltr'>qsilts</span> <span class='ocrx_word' id='word_1_277' title='bbox 135 3906 246 3966; x_wconf 70' lang='lat' dir='ltr'>Jueuret.</span> <span class='ocrx_word' id='word_1_278' title='bbox 264 3901 338 3950; x_wconf 81' lang='lat' dir='ltr'>etita</span> <span class='ocrx_word' id='word_1_279' title='bbox 355 3900 483 3950; x_wconf 83' lang='lat' dir='ltr'>ulii.hanc</span> <span class='ocrx_word' id='word_1_280' title='bbox 501 3900 549 3948; x_wconf 91' lang='lat' dir='ltr'>ele-</span> 
     </span>
     <span class='ocr_line' id='line_1_39' title="bbox 51 3973 549 4039; baseline -0.008 -15"><span class='ocrx_word' id='word_1_281' title='bbox 51 3975 155 4038; x_wconf 69' lang='lat' dir='ltr'>gentisrn</span> <span class='ocrx_word' id='word_1_282' title='bbox 174 3974 255 4024; x_wconf 72' lang='lat' dir='ltr'>latini</span> <span class='ocrx_word' id='word_1_283' title='bbox 276 3975 389 4023; x_wconf 82' lang='lat' dir='ltr'>sermonis</span> <span class='ocrx_word' id='word_1_284' title='bbox 406 3974 500 4039; x_wconf 75' lang='lat' dir='ltr'>egregie</span> <span class='ocrx_word' id='word_1_285' title='bbox 520 3973 549 4020; x_wconf 89' lang='lat' dir='ltr'>il-</span> 
     </span>
     <span class='ocr_line' id='line_1_40' title="bbox 51 4046 549 4100; baseline 0 -4"><span class='ocrx_word' id='word_1_286' title='bbox 51 4046 158 4100; x_wconf 76' lang='lat' dir='ltr'>lustravit</span> <span class='ocrx_word' id='word_1_287' title='bbox 174 4049 285 4098; x_wconf 83' lang='lat' dir='ltr'>vorstius</span> <span class='ocrx_word' id='word_1_288' title='bbox 298 4048 328 4097; x_wconf 84' lang='lat' dir='ltr'>de</span> <span class='ocrx_word' id='word_1_289' title='bbox 345 4048 472 4097; x_wconf 67' lang='lat' dir='ltr'>latinitate</span> <span class='ocrx_word' id='word_1_290' title='bbox 489 4047 549 4096; x_wconf 81' lang='lat' dir='ltr'>lslso</span> 
     </span>
     <span class='ocr_line' id='line_1_41' title="bbox 51 4123 393 4190; baseline -0.023 -13"><span class='ocrx_word' id='word_1_291' title='bbox 51 4132 168 4189; x_wconf 71' lang='lat' dir='ltr'>respectu.</span> <span class='ocrx_word' id='word_1_292' title='bbox 179 4140 235 4190; x_wconf 79' lang='lat' dir='ltr'>cap.</span> <span class='ocrx_word' id='word_1_293' title='bbox 245 4140 272 4175; x_wconf 73' lang='lat' dir='ltr'>u.</span> <span class='ocrx_word' id='word_1_294' title='bbox 305 4123 393 4171; x_wconf 78' lang='lat' dir='ltr'>Burri.</span> 
     </span>
    </p>
   </div>
   <div class='ocr_carea' id='block_1_6' title="bbox 334 4566 522 4714">
    <p class='ocr_par' dir='ltr' id='par_1_14' title="bbox 334 4566 522 4714">
     <span class='ocr_line' id='line_1_42' title="bbox 334 4566 522 4714; baseline 0 0"><span class='ocrx_word' id='word_1_295' title='bbox 334 4566 522 4714; x_wconf 80' lang='grc' dir='ltr'>Λ</span> 
     </span>
    </p>
   </div>
   <div class='ocr_carea' id='block_1_7' title="bbox 598 3380 1100 4101">
    <p class='ocr_par' dir='ltr' id='par_1_15' title="bbox 600 3380 1099 3587">
     <span class='ocr_line' id='line_1_43' title="bbox 602 3380 1099 3447; baseline -0.01 -18"><span class='ocrx_word' id='word_1_296' title='bbox 602 3380 665 3431; x_wconf 82' lang='lat' dir='ltr'>Huic</span> <span class='ocrx_word' id='word_1_297' title='bbox 675 3398 728 3447; x_wconf 81' lang='lat' dir='ltr'>ergo</span> <span class='ocrx_word' id='word_1_298' title='bbox 738 3384 787 3439; x_wconf 89' lang='lat' dir='ltr'>dut,</span> <span class='ocrx_word' id='word_1_299' title='bbox 798 3383 862 3445; x_wconf 75' lang='lat' dir='ltr'>quusi</span> <span class='ocrx_word' id='word_1_300' title='bbox 870 3383 941 3444; x_wconf 80' lang='lat' dir='ltr'>turpi.</span> <span class='ocrx_word' id='word_1_301' title='bbox 959 3380 1026 3447; x_wconf 82' lang='lat' dir='ltr'>Virg.</span> <span class='ocrx_word' id='word_1_302' title='bbox 1035 3380 1099 3431; x_wconf 75' lang='lat' dir='ltr'>enim</span> 
     </span>
     <span class='ocr_line' id='line_1_44' title="bbox 600 3455 1099 3521; baseline 0.002 -18"><span class='ocrx_word' id='word_1_303' title='bbox 600 3455 643 3506; x_wconf 89' lang='lat' dir='ltr'>lib.</span> <span class='ocrx_word' id='word_1_304' title='bbox 655 3456 673 3506; x_wconf 92' lang='lat' dir='ltr'>i.</span> <span class='ocrx_word' id='word_1_305' title='bbox 685 3456 777 3507; x_wconf 82' lang='lat' dir='ltr'>dixerat</span> <span class='ocrx_word' id='word_1_306' title='bbox 794 3456 914 3505; x_wconf 87' lang='lat' dir='ltr'>Didonem</span> <span class='ocrx_word' id='word_1_307' title='bbox 927 3471 979 3504; x_wconf 83' lang='lat' dir='ltr'>esse</span> <span class='ocrx_word' id='word_1_308' title='bbox 990 3456 1099 3521; x_wconf 85' lang='lat' dir='ltr'>pulcher·</span> 
     </span>
     <span class='ocr_line' id='line_1_45' title="bbox 600 3530 849 3587; baseline 0 -9"><span class='ocrx_word' id='word_1_309' title='bbox 600 3530 692 3587; x_wconf 76' lang='lat' dir='ltr'>rimam,</span> <span class='ocrx_word' id='word_1_310' title='bbox 702 3530 743 3580; x_wconf 92' lang='lat' dir='ltr'>ubi</span> <span class='ocrx_word' id='word_1_311' title='bbox 754 3531 788 3580; x_wconf 86' lang='lat' dir='ltr'>ita</span> <span class='ocrx_word' id='word_1_312' title='bbox 799 3539 849 3580; x_wconf 86' lang='lat' dir='ltr'>est:</span> 
     </span>
    </p>

    <p class='ocr_par' dir='ltr' id='par_1_16' title="bbox 632 3601 1098 3670">
     <span class='ocr_line' id='line_1_46' title="bbox 632 3601 1098 3670; baseline -0.013 -17"><span class='ocrx_word' id='word_1_313' title='bbox 632 3604 723 3670; x_wconf 76' lang='lat' dir='ltr'>Regino</span> <span class='ocrx_word' id='word_1_314' title='bbox 734 3608 764 3653; x_wconf 86' lang='lat' dir='ltr'>ud</span> <span class='ocrx_word' id='word_1_315' title='bbox 772 3601 1098 3668; x_wconf 77' lang='lat' dir='ltr'>templumsormupulcberri-</span> 
     </span>
    </p>

    <p class='ocr_par' dir='ltr' id='par_1_17' title="bbox 663 3675 1066 3737">
     <span class='ocr_line' id='line_1_47' title="bbox 663 3675 1066 3737; baseline -0.015 -10"><span class='ocrx_word' id='word_1_316' title='bbox 663 3697 701 3727; x_wconf 82' lang='lat' dir='ltr'>suu</span> <span class='ocrx_word' id='word_1_317' title='bbox 713 3679 773 3729; x_wconf 85' lang='lat' dir='ltr'>Dido</span> <span class='ocrx_word' id='word_1_318' title='bbox 785 3680 888 3727; x_wconf 68' lang='lat' dir='ltr'>incenit.</span> <span class='ocrx_word' id='word_1_319' title='bbox 984 3675 1066 3737; x_wconf 61' lang='grc' dir='ltr'><strong>βιοῖ.</strong></span> 
     </span>
    </p>

    <p class='ocr_par' dir='ltr' id='par_1_18' title="bbox 598 3742 1100 4101">
     <span class='ocr_line' id='line_1_48' title="bbox 601 3742 1100 3815; baseline -0.018 -15"><span class='ocrx_word' id='word_1_320' title='bbox 601 3752 691 3801; x_wconf 86' lang='lat' dir='ltr'>Verum</span> <span class='ocrx_word' id='word_1_321' title='bbox 708 3761 788 3803; x_wconf 81' lang='lat' dir='ltr'>tumeo</span> <span class='ocrx_word' id='word_1_322' title='bbox 802 3761 847 3808; x_wconf 86' lang='lat' dir='ltr'>est,</span> <span class='ocrx_word' id='word_1_323' title='bbox 863 3749 927 3815; x_wconf 88' lang='lat' dir='ltr'>quod</span> <span class='ocrx_word' id='word_1_324' title='bbox 943 3748 1039 3796; x_wconf 85' lang='lat' dir='ltr'>Servius</span> <span class='ocrx_word' id='word_1_325' title='bbox 1055 3742 1100 3792; x_wconf 83' lang='lat' dir='ltr'>ob·&#39;</span> 
     </span>
     <span class='ocr_line' id='line_1_49' title="bbox 598 3816 1097 3891; baseline -0.028 -16"><span class='ocrx_word' id='word_1_326' title='bbox 598 3827 763 3891; x_wconf 82' lang='lat' dir='ltr'>servut,jluuos</span> <span class='ocrx_word' id='word_1_327' title='bbox 773 3825 850 3874; x_wconf 86' lang='lat' dir='ltr'>crines</span> <span class='ocrx_word' id='word_1_328' title='bbox 865 3821 936 3870; x_wconf 88' lang='lat' dir='ltr'>tribui</span> <span class='ocrx_word' id='word_1_329' title='bbox 952 3833 1043 3882; x_wconf 86' lang='lat' dir='ltr'>semper</span> <span class='ocrx_word' id='word_1_330' title='bbox 1054 3816 1097 3862; x_wconf 83' lang='lat' dir='ltr'>Fe-</span> 
     </span>
     <span class='ocr_line' id='line_1_50' title="bbox 599 3886 1099 3956; baseline -0.022 -10"><span class='ocrx_word' id='word_1_331' title='bbox 599 3899 708 3955; x_wconf 87' lang='lat' dir='ltr'>minis,si</span> <span class='ocrx_word' id='word_1_332' title='bbox 725 3915 772 3947; x_wconf 90' lang='lat' dir='ltr'>non</span> <span class='ocrx_word' id='word_1_333' title='bbox 788 3896 882 3946; x_wconf 91' lang='lat' dir='ltr'>omnino</span> <span class='ocrx_word' id='word_1_334' title='bbox 898 3890 1015 3956; x_wconf 86' lang='lat' dir='ltr'>turpibus,</span> <span class='ocrx_word' id='word_1_335' title='bbox 1027 3886 1099 3935; x_wconf 88' lang='lat' dir='ltr'>cultis</span> 
     </span>
     <span class='ocr_line' id='line_1_51' title="bbox 599 3959 1098 4022; baseline -0.032 1"><span class='ocrx_word' id='word_1_336' title='bbox 599 3981 679 4022; x_wconf 79' lang='lat' dir='ltr'>tumen</span> <span class='ocrx_word' id='word_1_337' title='bbox 687 3981 712 4022; x_wconf 90' lang='lat' dir='ltr'>et</span> <span class='ocrx_word' id='word_1_338' title='bbox 722 3988 737 4020; x_wconf 88' lang='lat' dir='ltr'>n</span> <span class='ocrx_word' id='word_1_339' title='bbox 745 3973 839 4020; x_wconf 83' lang='lat' dir='ltr'>Venere</span> <span class='ocrx_word' id='word_1_340' title='bbox 848 3982 895 4014; x_wconf 91' lang='lat' dir='ltr'>non</span> <span class='ocrx_word' id='word_1_341' title='bbox 905 3959 1098 4013; x_wconf 78' lang='lat' dir='ltr'>nbhomentibus:</span> 
     </span>
     <span class='ocr_line' id='line_1_52' title="bbox 599 4037 1097 4101; baseline -0.024 -7"><span class='ocrx_word' id='word_1_342' title='bbox 599 4055 624 4094; x_wconf 90' lang='lat' dir='ltr'>et</span> <span class='ocrx_word' id='word_1_343' title='bbox 648 4045 693 4093; x_wconf 89' lang='lat' dir='ltr'>hoc</span> <span class='ocrx_word' id='word_1_344' title='bbox 713 4045 783 4093; x_wconf 86' lang='lat' dir='ltr'>docet</span> <span class='ocrx_word' id='word_1_345' title='bbox 805 4037 932 4088; x_wconf 81' lang='lat' dir='ltr'>Menandri</span> <span class='ocrx_word' id='word_1_346' title='bbox 953 4042 1097 4101; x_wconf 66' lang='lat' dir='ltr'>preceptum</span> 
     </span>
    </p>
   </div>
   <div class='ocr_carea' id='block_1_8' title="bbox 598 4106 1022 4182">
    <p class='ocr_par' dir='ltr' id='par_1_19' title="bbox 598 4106 1022 4182">
     <span class='ocr_line' id='line_1_53' title="bbox 598 4106 1022 4182; baseline -0.024 -17"><span class='ocrx_word' id='word_1_347' title='bbox 598 4118 662 4182; x_wconf 83' lang='lat' dir='ltr'>apud</span> <span class='ocrx_word' id='word_1_348' title='bbox 673 4116 792 4165; x_wconf 86' lang='lat' dir='ltr'>Clement.</span> <span class='ocrx_word' id='word_1_349' title='bbox 802 4112 846 4161; x_wconf 89' lang='lat' dir='ltr'>lib.</span> <span class='ocrx_word' id='word_1_350' title='bbox 856 4109 891 4158; x_wconf 93' lang='lat' dir='ltr'>iii.</span> <span class='ocrx_word' id='word_1_351' title='bbox 926 4106 1022 4170; x_wconf 74' lang='lat' dir='ltr'>Pedug.</span> 
     </span>
    </p>
   </div>
   <div class='ocr_carea' id='block_1_9' title="bbox 0 0 1452 4980">
    <p class='ocr_par' dir='ltr' id='par_1_20' title="bbox 0 0 1452 4980">
     <span class='ocr_line' id='line_1_54' title="bbox 0 0 1452 4980; baseline 0 3"><span class='ocrx_word' id='word_1_352' title='bbox 0 0 1452 4980; x_wconf 95' lang='lat' dir='ltr'> </span> 
     </span>
    </p>
   </div>
  </div>
 </body>
</html>
