2896 4980
210 290 277 357 ⁴oe
503 290 542 356 Β.
567 288 729 356 0v1n11
754 288 966 357 NASONIS
1025 292 1028 297 “

212 463 300 538 Vim
316 485 430 564 passa
444 466 505 538 est
523 462 684 552 Phoebe3
712 463 768 537 vis
786 476 844 538 est
861 465 987 540 adlata
1003 466 1136 541 sorori:
1250 466 1261 503 ³

263 576 314 653 Et
331 590 458 676 gratus
476 590 593 678 raptae
610 590 736 680 raptor
752 591 910 679 uterque
928 582 1009 656 fuit.
1111 621 1115 627 ·
1180 585 1258 656 680

213 693 356 770 Fabula
372 706 462 772 nota
476 697 644 796 quidem,
664 697 732 770 sed
749 721 823 771 non
840 698 994 795 indigna
1010 694 1148 785 referri,

263 810 416 911 Scyrias
434 811 632 886 Haemonio
645 815 778 909 juncta
794 813 921 911 puella
935 814 1026 887 viro.
1111 832 1117 845 ·

211 925 298 1002 Jam
317 927 401 1002 Dea
417 928 579 1003 laudatae
596 929 754 1003 dederat
770 952 839 1002 suo
855 929 1009 1028 praemia
1023 928 1168 1015 fonnae„

264 1042 372 1118 Colle
390 1044 461 1118 sub
481 1042 583 1118 Idaeo
600 1045 749 1118 vincere
766 1044 881 1140 digna
896 1045 1004 1120 duas.

211 1158 234 1232 J
237 1184 297 1235 am
316 1184 430 1234 nurus
448 1161 496 1235 ud
510 1160 702 1235 Priamum
718 1161 865 1235 diverso
883 1172 1036 1235 venerat
1052 1163 1159 1250 orbe;
1180 1166 1258 1235 685

262 1275 456 1373 Grajaque
473 1277 511 1350 in
529 1275 654 1352 Iliacis
671 1277 858 1350 moenibus
875 1300 971 1352 uxor
986 1288 1078 1352 erat.

211 1389 397 1466 Jurabant
413 1415 544 1466 omnes
561 1393 599 1466 in
616 1393 694 1465 laesi
710 1393 825 1466 verba
841 1393 985 1467 mariti:

263 1507 363 1581 Nam
381 1507 487 1582 dolor
503 1509 626 1594 unius,
645 1509 797 1607 publica
813 1530 950 1583 caussa
966 1506 1047 1582 suit.

211 1621 349 1722 Turpe,
362 1624 434 1698 nisi
448 1624 520 1698 hoc
534 1625 662 1699 matris
681 1625 855 1723 precibus
868 1624 1072 1710 tribuisset,
1087 1621 1254 1697 Achilles

260 1737 377 1814 Veste
394 1740 513 1815 virum
530 1741 643 1838 longa
661 1742 918 1815 dissimulatus
936 1750 1028 1814 erat.
1079 1811 1085 1820 ,
1179 1744 1255 1813 690

213 1851 314 1937 Quid
332 1855 435 1942 sacis,
455 1856 633 1931 AEacidal
659 1881 734 1930 non
750 1868 839 1932 sunt
855 1866 922 1930 tua
938 1878 1093 1930 munera
1108 1857 1217 1929 lanae.

261 1968 320 2041 Tu
337 1971 466 2044 titulos
484 1971 556 2045 alid
570 1972 736 2047 Palladis
754 1983 834 2047 arte
850 1981 972 2070 petas.

213 2082 313 2168 Quid
332 2086 401 2158 tibi
415 2108 501 2160 cum
516 2091 696 2163 calathis?
722 2091 857 2188 clypeo
873 2112 1005 2162 manus
1023 2097 1112 2186 apta
1125 2096 1256 2160 tenen-

362 2202 411 2276 do
429 2214 499 2278 est.

262 2316 389 2393 Pensa
401 2320 494 2416 quid
511 2321 549 2393 in
563 2321 712 2407 dextri,
728 2323 806 2418 qud
821 2320 932 2393 cadet
945 2318 1100 2404 Hector,
1115 2318 1256 2391 habes?

213 2431 345 2531 Rejice
363 2436 576 2509 succinctos
594 2459 752 2534 operoso
770 2435 929 2522 stamine
946 2434 1060 2507 fusos.
1180 2435 1256 2505 695

262 2549 486 2635 Quassanda
503 2563 562 2627 est
579 2553 652 2627 ista
671 2552 797 2626 Pelias
815 2553 924 2626 hasta
941 2575 1065 2624 manu.

213 2663 324 2739 Forte
341 2678 421 2742 erat
437 2668 475 2740 in
492 2669 657 2743 thalamo
673 2669 776 2763 virgo
794 2667 929 2764 regalis
947 2666 1102 2739 eodem:

262 2779 355 2856 Haec
374 2783 479 2856 illum
497 2795 626 2883 stupro
644 2783 828 2880 comperit
845 2806 930 2856 esse
947 2781 1078 2855 virum.

210 2893 363 2971 Viribus
381 2899 445 2972 illa
462 2900 615 2998 quidem
632 2901 731 2973 victa
749 2910 818 2986 est,
839 2900 891 2973 ita
907 2899 1059 2972 credere
1078 2906 1241 2995 oportet:

262 3013 340 3087 Sed
357 3015 474 3087 voluit
491 3016 587 3088 vinci
601 3015 742 3087 viribus
760 3014 823 3087 illa
840 3026 978 3088 tamen.
1181 3016 1255 3083 700

213 3126 337 3226 Saepe,
358 3129 485 3215 Mane,
505 3131 613 3217 dixit,
633 3154 720 3203 cum
734 3132 814 3226 jam
833 3138 1050 3227 properaret
1068 3125 1251 3199 Achilles:

263 3242 390 3317 Fortia
407 3269 493 3318 narn
511 3245 634 3344 posita
652 3255 837 3319 sumserat
855 3267 958 3317 arma
974 3244 1068 3317 colo.

211 3352 279 3440 Vis
298 3358 361 3430 ubi
381 3384 479 3433 nunc
497 3361 560 3434 illa
577 3362 657 3435 esti
684 3362 775 3459 quid
792 3362 930 3435 blanda
947 3386 1038 3434 voce
1055 3356 1210 3432 moraris

261 3470 466 3548 Auctorem
485 3474 617 3574 stupri,
638 3476 847 3564 Deidamia,
866 3477 943 3550 tui?

243 3772 300 3819 683.
328 3771 395 3818 Molo
411 3775 505 3834 premia
523 3770 629 3835 forum]
658 3773 705 3820 Suo
757 3771 933 3838 apenninas.
944 3774 1027 3818 domno
1036 3787 1128 3818 ntorum
1131 3770 1256 3836 semotus,

210 3845 290 3895 iidem.
323 3844 456 3895 Harumua.
490 3845 705 3894 Simoretcriben·
757 3856 782 3896 et
792 3849 866 3894 malus
876 3846 950 3908 hospes
959 3844 1045 3894 dicitur
1055 3844 1131 3894 Paris.
1165 3843 1256 3891 Bonna.

208 3918 268 3967 dum
285 3927 329 3975 eat,
345 3919 434 3969 debent
450 3920 536 3986 exponi
554 3918 644 3976 debita,
655 3935 707 3984 pro·
789 3921 848 3968 690.
867 3920 922 3968 Hac
940 3921 1007 3968 illum
1024 3931 1112 3981 stupro,
1130 3918 1188 3980 dre]
1210 3917 1257 3965 Pe-

210 3993 290 4042 miua.
302 3992 347 4042 nisi
355 3997 424 4053 mab,
432 3996 457 4045 id
464 4005 500 4045 est
507 3994 646 4061 perniciosa,
657 4010 707 4044 ma·
757 3993 818 4060 perit
828 3993 916 4060 quippo
926 3993 1052 4060 Pyrrhum,
1064 4002 1167 4059 potemus
1178 3989 1258 4040 laudis

211 4066 247 4115 lis.
270 4068 333 4116 unde
351 4067 426 4134 ijo
445 4069 543 4120 exitium
561 4079 648 4120 ortum.
674 4070 707 4118 ita
757 4067 1089 4132 ramulumnundegenerem.
1121 4066 1211 4114 Arria.
