2896 4980
195 322 263 390 348
487 320 526 387 Ρ.
550 320 712 387 ovloll
736 318 949 387 Nasonis

202 494 443 571 Carminibus
460 519 609 571 cessere
626 494 746 569 fores:
775 495 990 594 insertaque
1007 495 1119 594 posti,
1189 584 1197 609 1

253 610 432 695 Quamvis
450 612 563 685 robur
578 622 670 697 erat,
689 611 854 684 carmine
869 611 971 685 ricta
986 634 1072 705 sera
1085 620 1158 685 est.
1174 600 1270 673 ἐτ’-’ΤΥ

203 725 305 810 Quid
322 727 412 800 mihi
429 726 608 826 profuerit
625 725 734 800 velox
752 735 925 800 cantatus
943 724 1137 801 Achilles?

254 841 355 926 Quid
372 866 440 941 pro
457 867 518 917 me
535 842 687 916 Atrides
706 842 799 914 alter
816 853 855 915 et
872 842 967 915 alter
983 841 1122 938 agant!
1189 844 1233 913 30

102 1004 111 1025 ,
207 956 356 1056 Quique
374 970 429 1032 tot
446 959 617 1045 errando,
636 970 730 1055 quot
747 958 859 1042 bello,
879 958 1043 1056 perdidit
1060 956 1197 1033 anuos?

255 1073 403 1172 Raptus
420 1083 460 1147 et
476 1072 683 1146 Haemoniis
700 1072 837 1146 flebilis
855 1070 999 1147 Hector
1014 1072 1145 1170 equis?

204 1188 267 1276 At,
286 1189 382 1262 facie
399 1201 537 1263 tenerae
554 1190 707 1261 laudata
726 1211 828 1285 soepe
846 1187 994 1285 puellae,

254 1303 316 1378 Ad
333 1315 469 1391 vatem,
488 1305 650 1403 pretium
667 1304 855 1390 carminis,
864 1303 955 1403 =ipsa
970 1302 1086 1378 venit.

205 1418 348 1515 Magna
364 1421 475 1494 datur
492 1444 648 1494 merces.
677 1419 832 1493 herdum
850 1418 952 1492 clara
967 1420 1091 1492 valete
1189 1418 1231 1488 35

255 1534 439 1610 Nomina:
468 1559 541 1608 non
560 1547 648 1634 apta
664 1544 724 1608 est
741 1534 861 1631 gratia
877 1545 1001 1608 vestra
1018 1532 1122 1607 mihi.

205 1649 266 1723 Ad
284 1674 370 1723 mea
386 1651 556 1724 sormosae
573 1650 698 1723 vultus
716 1648 893 1722 adhibete
912 1648 1048 1748 puellae

257 1764 446 1852 Carmina,
465 1788 674 1864 purpureus
692 1788 776 1862 quae
795 1765 885 1838 mihi
903 1765 1023 1839 dictat
1038 1764 1163 1837 Amor.

567 2215 795 2289 ELEGIA
834 2214 889 2289 11.

209 2399 332 2483 Quem
350 2423 466 2497 penes
485 2411 544 2473 est
559 2399 749 2473 dominam
767 2396 937 2472 servandi
955 2418 1058 2481 cura,
1078 2392 1204 2491 Bagoii,
1286 2402 1290 2409 '

260 2514 362 2588 Dum
380 2538 519 2613 perago
536 2525 664 2587 tecum
682 2537 816 2614 pauca,
835 2513 904 2586 sed
921 2521 1022 2609 apta,
1040 2534 1141 2585 vaca.

209 2629 399 2706 Hesterod
417 2631 492 2703 vidi
511 2631 737 2727 spatiantem
754 2631 838 2703 luce
856 2627 1033 2728 puellam,

153 2782 156 2786 ·
261 2746 343 2835 Illa,
362 2772 448 2845 quae
465 2748 588 2821 Danai
605 2748 771 2847 porticus
789 2767 924 2843 agmen
942 2743 1070 2816 habet.

241 3030 283 3079 ³0.
301 3028 364 3083 Quid
378 3046 420 3091 pro
437 3047 471 3079 me
485 3030 585 3094 Ajacem
607 3031 637 3079 In
653 3029 706 3094 qui·
789 3037 830 3084 35.
850 3034 952 3083 Heroum
967 3035 1033 3081 clm
1050 3035 1122 3082 atate
1137 3022 1228 3087 min]

209 3103 310 3152 busdam
329 3105 430 3159 Atrides,
445 3121 492 3153 non
509 3107 599 3168 Ajacem
617 3113 707 3153 utrum·
757 3107 866 3174 Respicit
876 3108 918 3155 illa
929 3103 1171 3156 AnacreontisOdai.

210 3194 257 3241 que
275 3185 373 3225 rectum.
396 3178 558 3228 Nauorruus.
593 3177 708 3226 Nonnulli
791 3183 902 3247 Xaipom
911 3183 1003 3230 λοιπὸν
1013 3179 1077 3245 ἡμῖν

210 3250 304 3298 codices
324 3250 377 3298 loco
396 3253 484 3314 Ajacer,
501 3255 594 3300 Atrides
612 3251 708 3299 habent.
790 3254 889 3320 Ἠρώις,
902 3252 993 3318 natm
1005 3254 1054 3318 γὰρ

211 3324 273 3380 Qun
283 3323 354 3371 lectio
364 3324 384 3372 si
398 3324 442 3373 tibi
462 3326 549 3389 placet,
560 3325 574 3372 d
584 3327 667 3381 lector,
678 3324 709 3374 de
792 3330 892 3388 Μόνους
902 3329 995 3393 ἔρυιας
1005 3325 1066 3376 ddrr.
1132 3326 1207 3375 Bm·

210 3396 389 3460 Agamemnone
405 3406 430 3444 et
440 3399 552 3446 Menelao
561 3398 652 3445 dictum
669 3413 709 3446 ac·
959 3427 1058 3439 --

211 3469 272 3534 cipe,
282 3467 323 3532 qui
332 3468 362 3515 ab
371 3468 445 3516 Atreo
452 3486 527 3531 genus
535 3470 669 3518 trahebant.
678 3470 708 3518 de
794 3479 815 3524 l.
843 3475 940 3541 Bogud]
969 3475 1000 3522 In
1020 3472 1147 3523 Barbarion
1166 3465 1230 3519 a&

212 3540 707 3606 quimearolib.ii.AEneid.500.dixit:
760 3559 810 3599 emt
837 3550 923 3615 glossa,
946 3551 1028 3613 lingue
1050 3548 1139 3595 Penios
1161 3543 1232 3593 &tr

246 3613 392 3676 Geminosque
402 3616 428 3661 in
438 3616 514 3663 limine
524 3616 629 3663 Atridae.
760 3624 843 3684 Spurio.
861 3623 930 3671 etita
943 3619 1008 3687 apud
1019 3620 1125 3671 Ourtinm
1133 3630 1189 3682 epe
1200 3624 1230 3660 fl·

562 3688 677 3737 Mnnrus.
760 3697 840 3745 currit.
874 3696 966 3761 Bagou
981 3710 1062 3745 veroa
1076 3692 1161 3743 latinis
1174 3686 1230 3738 ts*

244 3761 286 3810 ³1.
314 3759 424 3823 Quiete]
452 3761 562 3824 Ulyssem
585 3760 651 3817 dicit,
668 3762 710 3826 qui
760 3770 848 3819 dicitur
863 3786 905 3834 pro
917 3770 1013 3835 Bagoas.
1046 3765 1231 3817 vocabulum

210 3835 296 3883 decem
306 3848 380 3882 annos
393 3835 457 3883 bello
469 3835 569 3899 'l'roJano
579 3833 709 3899 impendit:
761 3843 928 3901 chaldflcm
946 3851 970 3891 et
987 3843 1039 3909 eju,
1055 3840 1162 3906 originem
1175 3834 1230 3884 dmi

212 3908 295 3957 decem
307 3908 374 3964 alios,
381 3908 438 3957 dum
449 3909 518 3974 piura
527 3907 623 3956 uidendi
633 3910 710 3959 studio
761 3916 885 3965 Cadurcus
894 3917 925 3965 ad
936 3917 991 3965 Jobi
1001 3931 1053 3982 cup.
1063 3931 1118 3963 ιιι.
1128 3914 1149 3961 d·
1158 3904 1231 3959 videet

213 3997 255 4045 per
264 3991 378 4031 terrarum
388 3985 468 4031 orbem
479 3991 574 4038 erraret,
584 3998 708 4048 consump·
762 3990 793 4038 ad
804 3989 921 4046 Quinctil.
931 4006 957 4037 v.
970 3991 1009 4036 la.
1042 3989 1129 4037 Βυιιι.

211 4054 254 4103 sit:
280 4065 305 4104 et
325 4056 420 4105 taudem
437 4066 491 4122 post
509 4057 648 4122 vigesimum
667 4073 708 4108 an·
792 4054 817 4100 4·
836 4054 950 4116 lumea
966 4053 1046 4101 Dune'r'
1057 4052 1152 4114 purtim
1164 4054 1230 4108 σε*

214 4143 385 4185 summatem
395 4131 482 4180 revisit.
761 4126 850 4189 tutet]
861 4127 981 4175 Particum
991 4116 1219 4191 Apollifflffldfl·
