2896 4980
448 297 705 365 HEROIDES.
731 297 800 362 ΕΡ.
825 296 968 362 XVIII.
1162 299 1228 371 249

193 471 266 547 Hei
282 472 389 545 mihi!
408 495 475 545 cur
491 473 615 548 animo
623 472 746 570 juncti
759 471 988 545 secernimur
1006 470 1139 545 undis?
1158 475 1226 545 125

244 588 407 686 Unaque
425 614 542 676 mens,
564 591 674 665 tellus
693 613 767 661 non
786 588 899 660 habet
917 611 991 660 una
1006 587 1123 660 duos?

194 704 264 779 Vel
281 716 348 779 tua
365 730 425 778 rne
445 706 587 791 Sestos
607 707 665 778 vel
683 717 720 778 tc
739 727 824 777 mea
842 715 963 775 sumat
982 702 1160 800 Abydos:

198 868 202 877 ·
244 818 338 895 Tam
357 833 424 894 tua
440 833 539 894 terra
557 821 658 906 mihi,
679 843 794 917 quam
811 818 879 891 tibi
899 830 1025 890 nostra
1043 819 1179 917 placet.

197 934 274 1009 Cur
292 960 362 1032 ego
381 936 599 1022 confundor,
620 936 768 1033 quoties
786 933 1024 1007 confunditur
1041 936 1191 1032 aequort

246 1050 324 1125 Cur
341 1052 432 1125 mihi
450 1077 586 1126 caussa
603 1054 707 1138 levia,
726 1062 871 1136 ventus,
892 1050 1027 1124 obesse
1044 1052 1191 1150 potest?

196 1164 282 1242 Jam
299 1179 446 1242 nostros
464 1169 566 1241 curvi
585 1179 720 1241 norunt
736 1165 933 1264 delphines
952 1189 1114 1241 amores:
1165 1172 1230 1241 131

247 1281 422 1380 Ignotum
440 1308 509 1359 nee
528 1309 588 1358 me
606 1283 773 1381 piscibus
791 1306 875 1355 esse
892 1306 985 1355 reor.

197 1396 283 1473 Jam
300 1411 406 1497 patet
422 1402 570 1474 attritus
588 1401 780 1473 solitarum
797 1399 904 1473 limes
922 1423 1120 1496 aquarum3

249 1512 336 1590 Non
354 1517 471 1604 aliter,
491 1518 609 1590 multd
626 1542 740 1615 quarn
758 1518 816 1590 via
834 1540 965 1615 pressa
977 1518 1072 1603 rota,

200 1628 311 1717 Quod
324 1634 415 1707 mihi
428 1659 502 1708 non
513 1646 624 1722 esset,
637 1636 707 1707 nisi
719 1634 773 1708 sic
784 1634 930 1718 iterare,
943 1633 1142 1729 querebar:
1167 1637 1236 1705 135

247 1746 301 1823 At
316 1773 417 1823 nunc
434 1775 501 1849 per
517 1762 648 1826 ventos
665 1753 743 1830 hoc.
756 1776 909 1848 quoque
926 1751 1059 1824 deesse
1072 1773 1219 1847 queror.

200 1860 395 1938 Fluctibus
405 1865 613 1941 immodicis
627 1866 914 1940 Athamantidos
928 1889 1081 1962 aequora
1089 1875 1236 1951 canent,

250 1978 401 2078 Vixque
418 1994 545 2057 manet
562 1996 670 2082 portu
687 1995 769 2057 tuta
786 1984 911 2056 carina
925 2006 1005 2056 suo.

203 2090 286 2169 Hoc
299 2121 416 2182 mare,
431 2100 687 2197 cumprimum
706 2100 754 2172 de
767 2098 922 2194 Virgine
936 2099 1089 2171 nomina
1101 2099 1238 2183 mersa,

253 2207 348 2296 Quae
367 2223 482 2300 tenet,
502 2223 561 2287 est
578 2226 741 2301 nactum,
760 2216 834 2288 tale
852 2216 967 2289 suisse
984 2226 1089 2313 puto.
1172 2218 1242 2286 140

191 2320 257 2401 'Et
271 2329 370 2413 satis,
382 2329 521 2402 amissa
540 2330 645 2403 locus
663 2330 722 2403 hic
741 2329 887 2403 infamis
906 2332 953 2404 ab
972 2329 1083 2403 Helle
1101 2340 1179 2402 est:

192 2460 196 2469 '
255 2440 386 2542 thue
403 2446 493 2519 mihi
511 2455 651 2543 parcat,
672 2445 825 2518 crimine
844 2470 979 2518 nomen
998 2444 1123 2517 habet.

191 2552 351 2634 [Invidia
369 2560 543 2659 Phryxo;
564 2586 678 2658 quem
696 2587 763 2660 per
781 2563 875 2635 freta
891 2561 1013 2634 tristia
1029 2571 1151 2634 tutum

191 2765 194 2771 Ι
254 2672 380 2750 Aurea
397 2677 561 2772 lanigero
578 2678 714 2751 vellere
728 2677 830 2751 vexit
847 2676 938 2748 ovis,

207 2788 290 2865 Nec
307 2802 435 2867 tamen
453 2793 615 2866 officium
633 2793 779 2890 peeoris
798 2791 948 2864 navisve
967 2789 1133 2887 requiro:
1175 2793 1245 2863 145

257 2900 485 2994 Dummodo,
505 2933 599 3005 quas
613 2908 751 2981 findam
769 2931 937 3005 corpore,
954 2906 1089 2980 dentur
1107 2931 1227 3003 aquae.

243 3150 296 3201 lae.
316 3150 412 3215 Unaque
422 3152 505 3215 menn]
524 3153 626 3217 Elegnns
636 3154 700 3203 locu·
788 3153 868 3207 Quare
878 3168 952 3199 nocem
964 3166 1006 3197 car
1016 3167 1063 3198 aaa
1074 3151 1132 3197 neos
1143 3151 1187 3196 iter
1198 3151 1247 3205 irie,

207 3224 249 3283 tie,
265 3224 307 3275 abi
325 3225 490 3290 compendioso
500 3242 605 3275 sennone
620 3226 703 3274 defun·
818 3237 839 3274 et
848 3228 914 3295 aedi.

208 3308 304 3365 guntur,
316 3315 359 3363 pro
369 3315 417 3347 una
427 3314 493 3346 mens
501 3299 572 3348 habet
581 3301 652 3361 duos;
662 3301 704 3349 sed
754 3300 779 3347 Si
790 3315 849 3349 sans
860 3299 904 3348 illa
919 3297 1042 3363 scriptura.
1059 3296 1113 3346 vide
1128 3297 1204 3346 Notas
1220 3296 1250 3344 ad

209 3388 316 3423 muna
326 3371 398 3421 tellus
412 3371 492 3420 habet.
509 3372 562 3421 vide
573 3374 703 3438 egregieJ.
754 3372 1146 3439 Ep.vii.vers.40.11nsnus.
1186 3371 1251 3418 Illud

190 3504 194 3511 ,
211 3446 249 3497 I‘r·
258 3447 362 3495 Gronov·
373 3445 405 3493 iv.
416 3446 475 3493 obs.
486 3446 510 3493 2-
544 3447 631 3494 Banu·
755 3452 936 3504 ramentorum,
947 3446 1012 3510 quod
1025 3446 1050 3494 in
1060 3444 1154 3510 optimis
1164 3444 1251 3492 colici-

244 3520 298 3569 135.
317 3519 384 3574 Quod
400 3520 456 3566 midi
470 3537 515 3566 nort
531 3531 593 3576 esset,
610 3522 654 3568 nisi
666 3523 706 3577 sic,
755 3523 800 3572 bus
810 3532 895 3579 exstat,
906 3521 945 3569 vix
959 3520 1035 3568 ausim
1045 3520 1149 3584 rejicere,
1160 3528 1253 3583 propter

211 3598 294 3644 imre
313 3593 443 3657 quereban]
472 3592 535 3641 ltere
555 3604 622 3642 vetus
648 3594 707 3643 liber
755 3597 815 3646 illud
832 3596 924 3646 Horatii
941 3596 957 3643 i.
977 3595 1026 3643 Od.
1045 3595 1070 3640 7.
1099 3594 1156 3640 Cras
1174 3597 1253 3656 ingens

211 3668 355 3723 Paeanem,
373 3666 470 3731 reliquis
486 3667 537 3732 ejus
554 3668 617 3717 verbi
634 3669 707 3716 literis
756 3673 886 3719 iterabimus
896 3687 977 3733 equor.
1011 3668 1098 3714 Bcnsr.
1317 3667 1323 3677 '

211 3742 303 3799 deletis,
313 3751 338 3791 et
351 3740 474 3791 recentiori
484 3759 555 3791 manu
566 3743 708 3809 superscrip-
792 3743 848 3791 141.
868 3744 908 3791 Est
923 3745 975 3789 satir
987 3739 1091 3800 aerina]
1111 3737 1142 3783 At
1156 3738 1210 3782 satis
1227 3735 1252 3781 in

212 3822 272 3874 11111,
278 3833 313 3866 re.
322 3819 368 3864 iter
378 3826 431 3864 ante
441 3815 505 3880 prius
517 3816 587 3865 fuisse
597 3817 708 3881 suspicor.
760 3834 805 3865 uno
815 3817 935 3866 Mediceo.
952 3825 977 3863 ut
990 3814 1034 3877 Ep.
1043 3812 1092 3859 xiv.
1104 3811 1143 3857 87.
1161 3808 1254 3855 ridetur

214 3888 331 3954 quemodo
341 3888 417 3937 codex
434 3889 529 3938 Moreti.
546 3890 617 3955 idque
628 3906 707 3937 verum
758 3899 837 3938 autem
849 3890 963 3954 respicere
982 3886 1012 3933 ad
1032 3883 1105 3948 τάφος
1119 3881 1252 3939 Ἕλληνος,

212 3978 262 4015 uu
273 3963 390 4015 existimo.
424 3963 505 4012 Posset
513 3973 537 4013 et
547 3966 605 4030 legi,
616 3969 659 4013 iter
667 3968 707 4013 ire.
759 3972 785 4011 ut
801 3963 879 4011 dictus
889 3961 933 4009 suit
950 3958 1127 4020 Hellespontus.
1146 3952 1254 4001 11111111-

192 4037 395 4101 ‚utArtAmat
406 4035 441 4085 iii.
453 4038 492 4085 37.
759 4036 931 4086 redonense.
964 4033 1052 4080 Busa.
