2896 4980
202 316 269 382 oss
496 314 535 397 r.
560 312 722 379 0v1nrr
745 311 960 381 ursours

205 489 284 564 Aut
296 491 477 587 juvenum
496 489 653 562 comites
663 488 868 584 jussissent
884 488 939 561 ire
953 488 1113 586 puellas,

257 605 299 679 Si
316 605 386 679 fuit
403 605 441 678 in
459 606 590 701 longus
608 615 708 678 terra
724 603 992 676 secundarius.

201 720 300 795 'l'urn
315 721 419 808 mihi,
438 722 470 795 si
487 744 697 821 premerem
713 728 888 794 ventosas
905 718 1080 793 horridus
1096 718 1220 819 Alpes,

252 837 487 934 (Dummodo
505 861 591 912 cum
609 835 780 929 domine)
798 836 910 909 molle
928 835 1063 910 fuisset
1079 836 1163 911 iter.
1199 840 1240 908 20

205 954 303 1028 Cum
321 955 474 1028 dominb
494 954 658 1054 Libycas
676 954 797 1026 ausim
815 976 1061 1051 perrumpere
1080 954 1219 1051 Syrtes,

255 1068 305 1143 Et
321 1071 411 1144 dare
429 1095 503 1144 non
521 1070 640 1167 aequis
658 1071 741 1143 vela
757 1069 912 1144 ferenda
926 1070 1038 1144 uotis

203 1184 240 1258 N
242 1210 304 1272 on,
324 1211 408 1283 quae
426 1186 591 1282 virgineo
609 1196 782 1284 portenta
798 1185 871 1258 sub
888 1184 1043 1281 inguine
1060 1185 1209 1270 lntrnnt3

254 1300 337 1377 Nec
355 1302 508 1375 timeam
525 1313 681 1388 vestros,
701 1323 815 1374 curra
832 1299 970 1386 Malea,
990 1300 1116 1374 sinusz

204 1415 240 1489 N
244 1442 291 1490 on
303 1441 391 1516 que,
403 1417 607 1491 submersis
619 1417 761 1490 ratibus
772 1425 953 1501 saturata,
968 1414 1184 1513 Charybdis
1197 1416 1237 1485 25

254 1532 404 1619 Fundit,
423 1543 463 1606 et
480 1531 618 1608 effusas
636 1554 699 1605 ore
717 1531 887 1605 resorbet
904 1553 1039 1627 aquas.

202 1645 313 1730 Quod
332 1649 363 1721 si
382 1647 603 1746 Neptunum
621 1658 777 1721 ventosa
793 1647 964 1744 potentia
980 1645 1109 1732 vincit,

251 1761 304 1836 Et
320 1764 568 1838 subventuros
586 1762 730 1837 auferet
746 1762 849 1836 unde
867 1761 988 1849 Deos;

202 1877 259 1950 Tu
277 1879 413 1952 nostris
432 1880 559 1954 niveos
576 1876 740 1952 humeris
759 1878 911 1974 impone
927 1877 1103 1951 lacertos.

252 1993 420 2091 Corpore
437 2019 505 2068 nos
523 1994 622 2068 sacili
639 1995 750 2068 dulce
767 1992 931 2068 feremus
947 2016 1056 2067 onus.
1194 1993 1234 2063 30

203 2107 315 2207 Saepe
332 2121 465 2207 petens
481 2109 583 2184 Hero
597 2110 746 2207 juvenis
763 2118 975 2183 tranaverat
992 2107 1127 2181 undas.

252 2223 357 2298 Tunc
375 2249 531 2322 quoque
547 2237 750 2313 tranasset;
779 2226 847 2298 sed
864 2223 1045 2298 vincaeea
1060 2220 1143 2295 fnit.

235 2519 273 2567 1⁸.
285 2518 310 2566 Si
320 2517 397 2583 suin]
424 2518 501 2566 Vetus
516 2517 587 2566 lectio
604 2527 650 2573 est,
667 2520 698 2565 sie
748 2533 800 2565 rum
818 2534 881 2582 rege,
898 2518 939 2583 qui
955 2518 1072 2583 ternplum
1090 2516 1124 2566 ibi
1143 2511 1237 2580 mesnil·

192 2592 257 2655 fnit.
269 2608 359 2658 expone
370 2593 441 2657 igitur
450 2596 489 2649 rie,
497 2591 573 2649 idest,
583 2591 696 2655 haclege‚
748 2592 909 2640 centissimum
936 2589 1044 2655 Apollini
1073 2589 1157 2646 erexit,
1184 2585 1236 2653 qnod

199 2675 226 2714 ut
233 2668 349 2732 juvenum
359 2667 457 2716 comites
466 2666 552 2733 puellm
563 2667 631 2715 irent.
639 2667 697 2715 Mr-
749 2664 1050 2730 Maleorirumadpellnvit.
1077 2664 1168 2714 Arun.

199 2754 265 2789 erus.
287 2742 497 2790 Sr’eSarrsvinuus.
780 2741 822 2788 25.
839 2741 949 2788 Suturotn
968 2738 1117 2802 Charybdin]
1137 2738 1237 2801 &narr

233 2816 272 2863 19.
291 2816 316 2863 Si
335 2832 457 2877 premerem
476 2826 575 2863 verrom
593 2817 699 2864 horridus
749 2812 872 2861 Palatinus
893 2829 963 2862 unus.
991 2812 1083 2861 Furntn
1101 2813 1162 2862 alter
1174 2812 1237 2861 lies·

199 2887 290 2951 Alpem]
322 2889 436 2937 Turbidus
453 2890 528 2953 prime
546 2889 628 2938 editio.
648 2887 698 2945 alii,
749 2885 883 2952 telii.quod
894 2895 973 2952 posset
989 2886 1106 2952 explicari
1122 2885 1238 2935 noninre-

199 2965 282 3011 oenton'
293 2966 384 3012 turbine
402 2964 478 3021 Ponti,
494 2964 530 3012 vel
544 2969 615 3013 renti.
631 2965 697 3029 atqui
747 2969 826 3009 nuste.
846 2961 904 3009 forte
922 2969 1004 3008 temen
1022 2969 1059 3009 est
1074 2976 1128 3026 pro,
1140 2960 1238 3026 Μ·

199 3036 303 3084 horridus
315 3052 355 3101 pro
366 3036 450 3100 frigido
461 3037 565 3103 ponitur.
584 3039 675 3087 Herus.
747 3034 789 3084 sed
799 3046 905 3084 roturntn
915 3033 1001 3083 melius
1012 3035 1050 3099 roi
1057 3035 1148 3099 fundit
1163 3047 1243 3085 omn*

234 3110 339 3159 Venturos
350 3111 439 3175 Alpem]
464 3113 571 3161 Fortasse
585 3113 698 3178 Rhipeus
748 3109 790 3165 nit,
802 3118 828 3157 ut
839 3108 976 3174 metaphora
992 3106 1131 3157 dannatur
1145 3109 1178 3157 ub
1192 3106 1239 3162 illis.

198 3191 290 3230 montes
310 3183 376 3239 dicit,
396 3184 458 3232 unde
474 3186 515 3233 flet
532 3186 624 3234 boreus.
642 3202 697 3235 nem
748 3182 788 3248 qui
800 3198 883 3247 graves
893 3182 965 3230 nimio
975 3189 1033 3246 potu
1049 3190 1075 3230 et
1090 3181 1238 3240 ciruitu·-

198 3253 273 3318 Alpes
283 3265 307 3304 et
317 3256 412 3321 Rhipei
428 3268 518 3307 montes
534 3258 606 3307 iidem
618 3275 633 3308 a
644 3261 697 3325 qui·
747 3267 868 3306 evomunt.
875 3272 929 3321 qun
935 3255 1062 3305 manifeste
1069 3255 1096 3306 in
1105 3256 1184 3315 ranis,
1192 3268 1243 3322 (μὲ

197 3326 298 3375 busdam
309 3339 439 3393 ponuntur
458 3333 587 3380 secundum
600 3349 697 3415 quorum
746 3331 845 3380 adducit
870 3329 992 3387 Heinsius,
1020 3330 1151 3380 Putem
1180 3328 1239 3380 luds

198 3399 331 3464 opinionem
352 3402 435 3450 volunt
456 3403 581 3468 Virgilium
604 3406 670 3454 libs
665 3423 697 3453 ur.
748 3407 837 3454 Brnsr.

198 3471 296 3521 AEneid.
311 3475 368 3520 442.
391 3477 460 3535 Alpin
446 3494 500 3523 nuru
518 3480 634 3525 borenmo
620 3483 697 3540 o·ppel
779 3481 819 3527 27.
831 3480 896 3533 Quod
912 3482 932 3527 εἰ
948 3478 1053 3541 Neptuni
1069 3487 1240 3542 mmm

198 3547 262 3595 lnru.
296 3546 346 3595 Aut
360 3546 463 3595 l'entosnr
477 3549 545 3605 dixit,
559 3550 616 3614 quia
631 3552 696 3601 ultis·
747 3553 803 3615 tin]
828 3552 934 3608 Plurimi,
944 3550 1119 3617 eiqueoptimi,
1133 3548 1238 3618 cumpl-

198 3620 251 3669 rimi
262 3631 353 3670 montes
363 3630 418 3668 sunt
428 3621 515 3687 Alpes.
533 3632 557 3671 et
568 3630 608 3686 (ut
624 3627 696 3674 etium
746 3643 785 3675 rna
795 3626 907 3684 editione,
920 3625 1064 3687 neptunum.
1075 3626 1141 3691 qnod
1157 3642 1202 3676 nnn
1210 3622 1239 3673 rb

198 3695 222 3743 in
232 3694 330 3744 Artibus
342 3694 403 3742 dixit
419 3694 498 3759 Naso)
513 3698 613 3761 perjlnut
629 3700 693 3745 altir-
746 3701 829 3749 nihilo.
841 3710 867 3750 ut
884 3718 926 3766 per
941 3709 1053 3749 venem
1068 3704 1194 3763 potrum
1207 3700 1237 3748 in·

196 3771 333 3817 simoenti.
356 3769 470 3817 lllrnrus.
745 3775 838 3838 tellignt
854 3775 958 3829 AEolnm,
976 3782 1101 3822 ventorum
1116 3782 1238 3839 potonem

230 3845 271 3891 24.
290 3844 368 3891 Curva
380 3843 479 3906 Molem]
509 3843 695 3894 Promontorium
745 3849 785 3914 qui
797 3849 870 3897 invito
885 3865 948 3914 sepe
963 3849 1078 3914 Neptuno
1094 3856 1239 3914 tempestate

200 3917 364 3982 Peloponnesi,
382 3916 413 3966 nd
440 3917 517 3966 sinum
544 3917 694 3975 laconicum,
745 3923 800 3978 rint,
811 3933 837 3970 ut
848 3921 912 3987 apud
923 3923 1048 3971 Maronem
1067 3922 1110 3970 lib.
1127 3921 1148 3971 i.
1163 3919 1245 3973 Νι

197 3991 259 4055 quod
270 3993 374 4057 quinque
385 4008 495 4057 passuum
506 3991 581 4040 millia
592 3992 616 4039 in
631 4008 694 4042 mare
744 3995 794 4051 dos,
822 3995 847 4042 in
874 3994 996 4060 principio,
1021 3994 1120 4043 molitus
1144 3994 1236 4043 exiti-

196 4065 352 4127 protenditur.
380 4065 453 4113 Dicta
467 4078 546 4114 nutem
561 4076 597 4114 est
612 4065 695 4116 Malea
744 4070 838 4123 AEneae,
852 4069 924 4118 inscio
936 4076 960 4116 et
970 4067 1110 4131 indignnnte
1122 4067 1237 4133 Neptem.

196 4139 272 4198 (nunc
292 4138 351 4187 Cnbo
371 4138 454 4199 Mulio)
471 4155 485 4188 a
502 4141 583 4190 lldnleo
595 4140 694 4203 Argivo-
745 4142 834 4189 Burrus.
