2896 4980
379 316 522 386 anuis
544 315 816 385 AMA'I'ORIAE
837 309 984 385 mat.
1143 317 1210 384 «tuo

160 494 247 569 Heu
265 493 430 568 sacinusl
457 516 532 566 non
549 501 609 566 est
625 492 743 566 hostis
760 492 986 566 metuendus
1004 493 1144 567 amanti
1162 518 1172 582 ;
1201 538 1204 545 ·

211 610 316 696 Quos
333 609 456 684 credis
474 608 582 695 fidos,
601 606 743 704 effuge;
770 618 876 704 tutus
892 604 979 682 eris.

162 729 375 824 Cognatum
393 725 621 821 fratremque
638 747 741 809 cave,
760 747 965 821 carumque
984 721 1173 798 sodalem:
1197 740 1201 747 '

211 841 403 915 Praebebit
419 864 527 914 veros
544 840 624 912 hoe'c
642 831 842 913 tibi'turba
857 850 992 913 metus.
1142 878 1145 884 ·

162 958 351 1032 Finiturus
369 980 488 1031 eram:
517 954 585 1029 sed
602 964 690 1028 sunt
706 953 855 1028 diversa
870 952 1008 1053 puellis
1090 1007 1093 1016 -
1132 958 1206 1029 755

211 1072 384 1148 Pectora.
411 1070 513 1144 mille
530 1066 828 1167 animos'excipe
846 1068 947 1142 mille
964 1069 1100 1143 modis.

162 1188 198 1260 N
201 1212 245 1262 ec
263 1188 373 1260 tellus
392 1186 525 1260 eadem
542 1183 641 1282 parit
657 1181 795 1256 omnia.
822 1182 961 1256 vitibus
980 1183 1044 1258 illa

212 1302 414 1390 Convenit3
442 1300 523 1374 haec
541 1298 651 1386 oleis;
681 1299 751 1371 hac
768 1298 868 1370 bene
885 1297 983 1372 farra
997 1300 1128 1374 virent.

163 1418 386 1492 Pectoribus
404 1439 526 1489 mores
544 1424 601 1488 tot
618 1424 717 1499 sunt,
737 1424 832 1508 quot
849 1411 887 1484 in
904 1415 994 1489 orbe
1011 1414 1157 1512 figurae:

213 1533 285 1616 Qui
306 1533 415 1630 sapit,
435 1531 639 1604 innumeris
658 1529 826 1602 moribus
844 1540 955 1628 aptus
974 1532 1056 1606 erit.
1133 1537 1208 1608 760

165 1647 293 1745 thue
310 1649 411 1722 leves
429 1645 589 1720 Proteus
607 1644 719 1719 modo
738 1668 780 1718 se
799 1648 971 1720 tenuabit
989 1648 1027 1721 in
1044 1651 1181 1739 undas3

214 1763 250 1835 N
253 1787 326 1835 unc
343 1762 414 1848 leo,
434 1785 532 1834 nunc
551 1762 672 1847 arbor,
692 1783 793 1832 nunc
813 1760 885 1833 erit
902 1762 1021 1836 hirtus
1040 1789 1141 1863 aper.

165 1877 216 1950 Hi
228 1877 355 1975 jaculo
372 1878 509 1975 pisces,
528 1875 580 1949 illi
599 1875 800 1974 capiuntur
818 1876 867 1948 ab
885 1877 1024 1953 barnis:

215 1992 296 2065 Hos
314 2014 406 2089 cava
422 2003 598 2066 contento
616 1991 710 2065 retia
727 1988 815 2064 fune
833 1993 1001 2066 trahunt.

168 2105 249 2179 Nec
267 2108 334 2180 tibi
353 2109 549 2181 conveniat
565 2118 722 2181 cunctos
742 2107 876 2180 modus
895 2131 993 2180 unus
1011 2110 1059 2182 ad
1078 2134 1207 2187 annos.

218 2216 381 2318 Longius
399 2223 552 2296 insidias
570 2246 681 2296 cerva
696 2220 839 2296 videbit
857 2245 963 2295 anus.
1135 2232 1207 2301 766

197 2513 254 2560 761.
276 2514 408 2577 thuelsuis
416 2514 511 2563 Proteus
521 2517 584 2562 modo
592 2530 614 2562 aa
625 2524 657 2561 te·

164 2587 248 2631 sruabut
266 2590 290 2633 in
307 2587 401 2648 undas]
419 2587 497 2634 Primo
513 2588 569 2635 leuas
585 2589 659 2634 undat

742 2509 846 2630 Effiqtgiat
856 2510 1106 2560 tameubaucalerotas
1114 2515 1208 2562 mocula

795 2592 878 2639 roteua,

163 2656 322 2720 reponendum
333 2665 369 2704 est
379 2674 408 2704 ex
426 2657 565 2706 auctoritate
576 2657 657 2721 optimi

165 2729 243 2792 Regii,
261 2729 387 2792 fragmenti
404 2728 522 2778 veterrimi
537 2728 658 2778 Oxonien-

163 2802 203 2851 sis.
235 2803 281 2850 Pro
295 2805 411 2858 territabat,
427 2800 513 2850 deinde
528 2800 591 2850 idem
608 2801 658 2850 Re·

163 2874 225 2938 gius,
239 2883 264 2923 et
279 2873 327 2923 duo
337 2873 386 2930 alii,
401 2876 513 2922 tenuavit.
530 2872 572 2921 sed
586 2874 659 2939 pmbe

164 2947 240 3011 prima
254 2947 335 3004 editio,
353 2956 378 2996 et
396 2962 457 2996 unus
467 2945 605 3003 Vaticanus,
623 2956 658 2996 ts·

164 3023 252 3069 natabit.
274 3028 299 3069 et
319 3018 427 3085 sequenti
443 3034 512 3068 versu
532 3035 582 3085 pro,
597 3030 657 3078 arat,

163 3092 320 3157 fragmentum
342 3093 486 3149 Oromenus,
505 3093 587 3144 Codex
608 3093 657 3144 Re-

162 3167 225 3230 gius,
235 3176 260 3216 et
269 3167 317 3216 duo
326 3168 376 3224 elii,
386 3170 440 3216 mt
457 3165 584 3216 verissime.
617 3168 657 3217 In·

163 3249 211 3289 star
222 3241 301 3289 Protei
317 3237 403 3305 inquit,
413 3239 482 3289 modo
493 3239 518 3288 in
533 3238 599 3290 leves
614 3257 658 3290 un·

163 3315 216 3375 das,
230 3333 291 3364 nunc
301 3314 326 3363 in
342 3315 442 3372 leonem,
454 3325 495 3363 aut
512 3330 605 3380 aprum,
618 3324 659 3365 eut

164 3389 269 3437 arborem
279 3405 304 3437 se
312 3389 422 3437 mutabit.
457 3388 495 3437 De
505 3388 590 3437 Proteo
596 3388 658 3438 Noe·

163 3471 198 3511 ter
214 3463 321 3528 pluribus
336 3463 396 3512 libro
409 3463 471 3510 Met.
482 3462 524 3511 vii.
536 3470 560 3510 et
575 3478 614 3511 ros
623 3472 659 3513 est

163 3536 300 3600 ceteroquin
316 3545 380 3584 nota.
414 3534 485 3584 Porro
496 3535 589 3584 Horatii
606 3535 658 3594 ists,

162 3609 248 3672 Satyri
267 3609 302 3657 iii.
320 3609 363 3658 lib.
387 3609 412 3658 ii.
433 3609 538 3675 respexit
560 3610 606 3659 hoc
623 3610 658 3659 lo·

163 3697 192 3728 co
206 3682 300 3739 Noster,
311 3682 353 3732 ubi
370 3683 391 3731 is
406 3682 456 3748 agit
472 3683 502 3732 de
519 3683 581 3732 molo
591 3683 658 3734 debi-

164 3760 222 3802 tore.

197 3825 273 3876 Scriba
282 3831 356 3879 deum
372 3850 386 3879 a
399 3831 477 3881 Nerio.
494 3850 539 3881 oon
552 3841 583 3881 est
593 3835 658 3883 satis.

228 3901 286 3950 adda
298 3902 384 3952 Cicuta

199 3972 280 4024 Nodoei
300 3979 388 4026 tabulas
403 3986 506 4026 eentum:
523 3980 585 4026 mille
601 3982 659 4028 adde

228 4059 327 4099 catenas.

742 2655 801 2703 Cum
816 2658 906 2717 rapiam
920 2657 947 2701 in
956 2659 1001 2716 jus
1015 2660 1081 2706 motis
1096 2660 1207 2707 riderrtem

773 2730 868 2777 attenta.-

742 2800 793 2850 Fa'at
804 2819 867 2864 opst.
879 2804 943 2851 mado
952 2807 1010 2860 acia,
1019 2805 1083 2852 mado
1092 2819 1206 2863 autumet

772 2891 824 2923 eum
834 2875 901 2931 votet,
912 2878 989 2924 arbor.

709 2947 772 2996 Nam
780 2946 897 3013 proverbii
906 2948 986 2997 locum
994 2947 1098 2999 obtinuis
1108 2949 1206 3000 scride-

709 3028 754 3077 tur.
765 3029 792 3070 ut
803 3020 844 3085 qui
858 3031 969 3085 urgentes
979 3021 1115 3080 eludebant,
1127 3024 1206 3073 Protei

708 3094 849 3144 dicerentur.
882 3094 950 3144 Idem
971 3095 1083 3144 Horatius
1103 3097 1164 3145 libra
1189 3098 1205 3147 i.

707 3168 782 3234 Epist.
793 3168 809 3215 i.

742 3242 792 3296 Quo
803 3251 889 3290 teneam
901 3243 979 3291 oultsr
986 3251 1112 3291 mutantem
1123 3243 1205 3295 Prataa

772 3317 847 3364 natat
1040 3314 1173 3368 Heinsius.

708 3388 738 3438 ln
757 3392 826 3438 anaia
845 3389 973 3439 Bernensia
990 3405 1051 3439 unus
1066 3398 1092 3439 et
1107 3401 1207 3455 quatuor

742 3536 799 3586 766.
821 3537 924 3604 Longius
942 3541 1038 3587 insidias
1055 3554 1128 3586 curua
1145 3542 1207 3589 cide·

708 3613 741 3659 bit
751 3612 832 3674 πω]
850 3612 962 3661 Ridicule
972 3612 1087 3677 pmiecto.
1120 3611 1206 3662 Causa

708 3683 802 3734 scilicet
811 3686 912 3734 multum
923 3692 1016 3742 est‚cur
1026 3700 1086 3734 enus
1092 3685 1143 3748 jam
1152 3701 1205 3735 cur-

708 3766 763 3807 vata
773 3774 821 3824 pru
834 3758 899 3807 senia
907 3757 1005 3806 insidias
1015 3766 1145 3806 amutomm
1154 3774 1204 3809 me·

709 3841 771 3882 tuat.
804 3832 865 3890 Quis
874 3829 956 3879 credat
965 3830 1054 3895 optimo
1064 3831 1141 3894 politas
1158 3834 1206 3883 tale

709 3904 911 3971 quitkexeidisset
926 3901 999 3950 Tollit
1014 3902 1150 3967 scrupulum
1164 3920 1206 3955 co·

709 3979 755 4028 dex
768 3977 866 4040 lugius,
877 3979 902 4024 in
913 3991 961 4041 qno
973 3990 987 4023 a
997 3990 1069 4024 manu
1079 3975 1156 4040 prime
1170 3979 1205 4029 le·

708 4053 818 4117 gebatur,
829 4066 895 4099 mrito
905 4066 972 4099 anm.
1006 4049 1096 4098 Herus.
