<?xml version="1.0" encoding="UTF-8"?>
<!DOCTYPE html PUBLIC "-//W3C//DTD XHTML 1.0 Transitional//EN"
    "http://www.w3.org/TR/xhtml1/DTD/xhtml1-transitional.dtd">
<html xmlns="http://www.w3.org/1999/xhtml" xml:lang="en" lang="en">
 <head>
  <title>
</title>
<meta http-equiv="Content-Type" content="text/html;charset=utf-8" />
  <meta name='ocr-system' content='tesseract 3.04.00' />
  <meta name='ocr-capabilities' content='ocr_page ocr_carea ocr_par ocr_line ocrx_word'/>
</head>
<body>
  <div class='ocr_page' id='page_1' title='image "./povidiinasoniso01burmgoog_0080.png"; bbox 0 0 2896 4980; ppageno 0'>
   <div class='ocr_carea' id='block_1_1' title="bbox 203 364 955 437">
    <p class='ocr_par' dir='ltr' id='par_1_1' title="bbox 203 364 955 437">
     <span class='ocr_line' id='line_1_1' title="bbox 203 364 955 437; baseline 0.004 -3"><span class='ocrx_word' id='word_1_1' title='bbox 203 367 249 434; x_wconf 61' lang='grc' dir='ltr'><em>ω</em></span> <span class='ocrx_word' id='word_1_2' title='bbox 497 364 536 431; x_wconf 90' lang='grc' dir='ltr'>Ρ.</span> <span class='ocrx_word' id='word_1_3' title='bbox 560 364 721 433; x_wconf 84' lang='lat' dir='ltr'>ovtntt</span> <span class='ocrx_word' id='word_1_4' title='bbox 745 365 955 437; x_wconf 80' lang='lat' dir='ltr'>NASONIS</span> 
     </span>
    </p>
   </div>
   <div class='ocr_carea' id='block_1_2' title="bbox 202 538 1256 1913">
    <p class='ocr_par' dir='ltr' id='par_1_2' title="bbox 203 538 1255 759">
     <span class='ocr_line' id='line_1_2' title="bbox 203 538 1255 641; baseline 0.009 -26"><span class='ocrx_word' id='word_1_5' title='bbox 203 539 270 617; x_wconf 90' lang='lat' dir='ltr'>Me</span> <span class='ocrx_word' id='word_1_6' title='bbox 289 538 416 638; x_wconf 85' lang='lat' dir='ltr'>Satyri</span> <span class='ocrx_word' id='word_1_7' title='bbox 433 540 575 615; x_wconf 85' lang='lat' dir='ltr'>celeres</span> <span class='ocrx_word' id='word_1_8' title='bbox 592 540 711 638; x_wconf 88' lang='lat' dir='ltr'>(silvis</span> <span class='ocrx_word' id='word_1_9' title='bbox 729 566 800 639; x_wconf 88' lang='lat' dir='ltr'>ego</span> <span class='ocrx_word' id='word_1_10' title='bbox 817 552 919 617; x_wconf 88' lang='lat' dir='ltr'>tecta</span> <span class='ocrx_word' id='word_1_11' title='bbox 935 543 1119 641; x_wconf 81' lang='lat' dir='ltr'>latebam)</span> <span class='ocrx_word' id='word_1_12' title='bbox 1179 550 1255 623; x_wconf 77' lang='grc'><strong>1115</strong></span> 
     </span>
     <span class='ocr_line' id='line_1_3' title="bbox 254 654 1141 759; baseline 0.008 -30"><span class='ocrx_word' id='word_1_13' title='bbox 254 654 492 741; x_wconf 87' lang='lat' dir='ltr'>Quaesierunt</span> <span class='ocrx_word' id='word_1_14' title='bbox 509 656 652 753; x_wconf 78' lang='lat' dir='ltr'>rapide,</span> <span class='ocrx_word' id='word_1_15' title='bbox 671 657 782 730; x_wconf 88' lang='lat' dir='ltr'>turba</span> <span class='ocrx_word' id='word_1_16' title='bbox 799 668 982 755; x_wconf 85' lang='lat' dir='ltr'>proterva,</span> <span class='ocrx_word' id='word_1_17' title='bbox 1001 660 1122 759; x_wconf 86' lang='lat' dir='ltr'>pede:</span> <span class='ocrx_word' id='word_1_18' title='bbox 1137 672 1141 679; x_wconf 87' lang='lat'>&#39;</span> 
     </span>
    </p>

    <p class='ocr_par' dir='ltr' id='par_1_3' title="bbox 205 772 1143 989">
     <span class='ocr_line' id='line_1_4' title="bbox 205 772 1143 870; baseline 0.007 -26"><span class='ocrx_word' id='word_1_19' title='bbox 205 772 526 869; x_wconf 84' lang='lat' dir='ltr'>Cornigerumque</span> <span class='ocrx_word' id='word_1_20' title='bbox 544 784 659 869; x_wconf 90' lang='lat' dir='ltr'>caput</span> <span class='ocrx_word' id='word_1_21' title='bbox 677 772 766 869; x_wconf 91' lang='lat' dir='ltr'>pinu</span> <span class='ocrx_word' id='word_1_22' title='bbox 785 775 1010 870; x_wconf 77' lang='lat' dir='ltr'>praecinctus</span> <span class='ocrx_word' id='word_1_23' title='bbox 1027 787 1143 851; x_wconf 87' lang='lat' dir='ltr'>acuta</span> 
     </span>
     <span class='ocr_line' id='line_1_5' title="bbox 255 886 1134 989; baseline 0.008 -30"><span class='ocrx_word' id='word_1_24' title='bbox 255 886 418 973; x_wconf 87' lang='lat' dir='ltr'>Faunus,</span> <span class='ocrx_word' id='word_1_25' title='bbox 438 888 475 959; x_wconf 93' lang='lat' dir='ltr'>in</span> <span class='ocrx_word' id='word_1_26' title='bbox 495 887 686 960; x_wconf 80' lang='lat' dir='ltr'>immensis</span> <span class='ocrx_word' id='word_1_27' title='bbox 705 911 780 985; x_wconf 92' lang='lat' dir='ltr'>qua</span> <span class='ocrx_word' id='word_1_28' title='bbox 797 899 917 962; x_wconf 90' lang='lat' dir='ltr'>tumet</span> <span class='ocrx_word' id='word_1_29' title='bbox 935 889 1005 964; x_wconf 88' lang='lat' dir='ltr'>Ida</span> <span class='ocrx_word' id='word_1_30' title='bbox 1016 892 1134 989; x_wconf 89' lang='lat' dir='ltr'>jugis.</span> 
     </span>
    </p>

    <p class='ocr_par' dir='ltr' id='par_1_4' title="bbox 203 999 1256 1216">
     <span class='ocr_line' id='line_1_6' title="bbox 203 999 1099 1098; baseline 0.009 -25"><span class='ocrx_word' id='word_1_31' title='bbox 203 999 269 1076; x_wconf 91' lang='lat' dir='ltr'>Me</span> <span class='ocrx_word' id='word_1_32' title='bbox 287 1002 360 1075; x_wconf 84' lang='lat' dir='ltr'>tide</span> <span class='ocrx_word' id='word_1_33' title='bbox 379 1001 604 1098; x_wconf 88' lang='lat' dir='ltr'>conspicuus</span> <span class='ocrx_word' id='word_1_34' title='bbox 622 1001 743 1097; x_wconf 86' lang='lat' dir='ltr'>Trojae</span> <span class='ocrx_word' id='word_1_35' title='bbox 761 1004 923 1095; x_wconf 88' lang='lat' dir='ltr'>munitor</span> <span class='ocrx_word' id='word_1_36' title='bbox 940 1006 1099 1081; x_wconf 84' lang='lat' dir='ltr'>amavit:</span> 
     </span>
     <span class='ocr_line' id='line_1_7' title="bbox 252 1118 1256 1216; baseline 0.007 -25"><span class='ocrx_word' id='word_1_37' title='bbox 252 1119 321 1193; x_wconf 92' lang='lat' dir='ltr'>llle</span> <span class='ocrx_word' id='word_1_38' title='bbox 339 1143 432 1192; x_wconf 88' lang='lat' dir='ltr'>meae</span> <span class='ocrx_word' id='word_1_39' title='bbox 451 1118 610 1216; x_wconf 90' lang='lat' dir='ltr'>spolium</span> <span class='ocrx_word' id='word_1_40' title='bbox 627 1118 848 1213; x_wconf 84' lang='lat' dir='ltr'>virginitatis</span> <span class='ocrx_word' id='word_1_41' title='bbox 867 1121 992 1195; x_wconf 89' lang='lat' dir='ltr'>habet.</span> <span class='ocrx_word' id='word_1_42' title='bbox 1180 1128 1256 1199; x_wconf 83' lang='lat'>140</span> 
     </span>
    </p>

    <p class='ocr_par' dir='ltr' id='par_1_5' title="bbox 202 1234 1217 1449">
     <span class='ocr_line' id='line_1_8' title="bbox 202 1234 1217 1336; baseline 0.006 -28"><span class='ocrx_word' id='word_1_43' title='bbox 202 1235 248 1310; x_wconf 92' lang='lat' dir='ltr'>ld</span> <span class='ocrx_word' id='word_1_44' title='bbox 265 1260 416 1334; x_wconf 91' lang='lat' dir='ltr'>quoque</span> <span class='ocrx_word' id='word_1_45' title='bbox 434 1234 622 1307; x_wconf 88' lang='lat' dir='ltr'>luctando.</span> <span class='ocrx_word' id='word_1_46' title='bbox 652 1234 733 1331; x_wconf 88' lang='lat' dir='ltr'>rupi</span> <span class='ocrx_word' id='word_1_47' title='bbox 752 1246 876 1309; x_wconf 88' lang='lat' dir='ltr'>tamen</span> <span class='ocrx_word' id='word_1_48' title='bbox 896 1261 1020 1333; x_wconf 91' lang='lat' dir='ltr'>ungue</span> <span class='ocrx_word' id='word_1_49' title='bbox 1038 1238 1217 1336; x_wconf 83' lang='lat' dir='ltr'>capillos,</span> 
     </span>
     <span class='ocr_line' id='line_1_9' title="bbox 252 1350 1044 1449; baseline 0.004 -26"><span class='ocrx_word' id='word_1_50' title='bbox 252 1352 406 1449; x_wconf 87' lang='lat' dir='ltr'>Oraque</span> <span class='ocrx_word' id='word_1_51' title='bbox 424 1361 511 1424; x_wconf 90' lang='lat' dir='ltr'>sunt</span> <span class='ocrx_word' id='word_1_52' title='bbox 527 1351 653 1446; x_wconf 84' lang='lat' dir='ltr'>digitis</span> <span class='ocrx_word' id='word_1_53' title='bbox 673 1375 806 1448; x_wconf 88' lang='lat' dir='ltr'>aspera</span> <span class='ocrx_word' id='word_1_54' title='bbox 823 1350 922 1426; x_wconf 90' lang='lat' dir='ltr'>sacta</span> <span class='ocrx_word' id='word_1_55' title='bbox 938 1353 1044 1427; x_wconf 91' lang='lat' dir='ltr'>meis.</span> 
     </span>
    </p>

    <p class='ocr_par' dir='ltr' id='par_1_6' title="bbox 202 1467 1171 1682">
     <span class='ocr_line' id='line_1_10' title="bbox 202 1467 1171 1567; baseline 0.005 -28"><span class='ocrx_word' id='word_1_56' title='bbox 202 1467 238 1539; x_wconf 93' lang='lat' dir='ltr'>N</span> <span class='ocrx_word' id='word_1_57' title='bbox 242 1493 285 1542; x_wconf 87' lang='lat' dir='ltr'>ec</span> <span class='ocrx_word' id='word_1_58' title='bbox 303 1468 464 1566; x_wconf 88' lang='lat' dir='ltr'>pretium</span> <span class='ocrx_word' id='word_1_59' title='bbox 482 1468 600 1565; x_wconf 87' lang='lat' dir='ltr'>stupri</span> <span class='ocrx_word' id='word_1_60' title='bbox 619 1491 785 1562; x_wconf 87' lang='lat' dir='ltr'>gemmas</span> <span class='ocrx_word' id='word_1_61' title='bbox 804 1491 980 1542; x_wconf 87' lang='lat' dir='ltr'>aurumve</span> <span class='ocrx_word' id='word_1_62' title='bbox 998 1470 1171 1567; x_wconf 89' lang='lat' dir='ltr'>poposci.</span> 
     </span>
     <span class='ocr_line' id='line_1_11' title="bbox 250 1582 1132 1682; baseline 0.007 -29"><span class='ocrx_word' id='word_1_63' title='bbox 250 1582 426 1680; x_wconf 83' lang='lat' dir='ltr'>Turpiter</span> <span class='ocrx_word' id='word_1_64' title='bbox 443 1583 645 1678; x_wconf 87' lang='lat' dir='ltr'>ingenuum</span> <span class='ocrx_word' id='word_1_65' title='bbox 664 1606 818 1655; x_wconf 91' lang='lat' dir='ltr'>munera</span> <span class='ocrx_word' id='word_1_66' title='bbox 834 1607 970 1682; x_wconf 89' lang='lat' dir='ltr'>corpus</span> <span class='ocrx_word' id='word_1_67' title='bbox 989 1596 1132 1659; x_wconf 88' lang='lat' dir='ltr'>emunt.</span> 
     </span>
    </p>

    <p class='ocr_par' dir='ltr' id='par_1_7' title="bbox 203 1698 1252 1913">
     <span class='ocr_line' id='line_1_12' title="bbox 203 1698 1217 1796; baseline 0.005 -25"><span class='ocrx_word' id='word_1_68' title='bbox 203 1698 304 1796; x_wconf 91' lang='lat' dir='ltr'>lpse,</span> <span class='ocrx_word' id='word_1_69' title='bbox 324 1708 426 1771; x_wconf 87' lang='lat' dir='ltr'>ratus</span> <span class='ocrx_word' id='word_1_70' title='bbox 444 1698 607 1794; x_wconf 87' lang='lat' dir='ltr'>dignam,</span> <span class='ocrx_word' id='word_1_71' title='bbox 628 1698 792 1771; x_wconf 86' lang='lat' dir='ltr'>medicas</span> <span class='ocrx_word' id='word_1_72' title='bbox 811 1698 900 1770; x_wconf 84' lang='lat' dir='ltr'>milri</span> <span class='ocrx_word' id='word_1_73' title='bbox 920 1699 1072 1773; x_wconf 90' lang='lat' dir='ltr'>tradidit</span> <span class='ocrx_word' id='word_1_74' title='bbox 1088 1710 1217 1791; x_wconf 89' lang='lat' dir='ltr'>artes;</span> 
     </span>
     <span class='ocr_line' id='line_1_13' title="bbox 252 1814 1252 1913; baseline 0.007 -27"><span class='ocrx_word' id='word_1_75' title='bbox 252 1814 489 1913; x_wconf 87' lang='lat' dir='ltr'>Admisitque</span> <span class='ocrx_word' id='word_1_76' title='bbox 507 1840 610 1889; x_wconf 91' lang='lat' dir='ltr'>meas</span> <span class='ocrx_word' id='word_1_77' title='bbox 628 1815 675 1888; x_wconf 90' lang='lat' dir='ltr'>ad</span> <span class='ocrx_word' id='word_1_78' title='bbox 695 1838 763 1887; x_wconf 90' lang='lat' dir='ltr'>sua</span> <span class='ocrx_word' id='word_1_79' title='bbox 780 1814 878 1887; x_wconf 89' lang='lat' dir='ltr'>dona</span> <span class='ocrx_word' id='word_1_80' title='bbox 896 1840 1041 1889; x_wconf 88' lang='lat' dir='ltr'>manus.</span> <span class='ocrx_word' id='word_1_81' title='bbox 1175 1819 1252 1893; x_wconf 84' lang='grc'>146</span> 
     </span>
    </p>
   </div>
   <div class='ocr_carea' id='block_1_3' title="bbox 194 2123 1251 4164">
    <p class='ocr_par' dir='ltr' id='par_1_8' title="bbox 194 2123 1251 4164">
     <span class='ocr_line' id='line_1_14' title="bbox 200 2123 1250 2191; baseline 0.005 -17"><span class='ocrx_word' id='word_1_82' title='bbox 200 2140 272 2191; x_wconf 83' lang='lat' dir='ltr'>quam</span> <span class='ocrx_word' id='word_1_83' title='bbox 282 2123 360 2175; x_wconf 84' lang='lat' dir='ltr'>vitiosi</span> <span class='ocrx_word' id='word_1_84' title='bbox 369 2124 462 2174; x_wconf 86' lang='lat' dir='ltr'>codices</span> <span class='ocrx_word' id='word_1_85' title='bbox 474 2124 570 2181; x_wconf 75' lang='lat' dir='ltr'>babent,</span> <span class='ocrx_word' id='word_1_86' title='bbox 580 2123 694 2179; x_wconf 79' lang='lat' dir='ltr'>defendit,</span> <span class='ocrx_word' id='word_1_87' title='bbox 744 2123 843 2174; x_wconf 84' lang='lat' dir='ltr'>Constat</span> <span class='ocrx_word' id='word_1_88' title='bbox 860 2127 921 2175; x_wconf 89' lang='lat' dir='ltr'>enim</span> <span class='ocrx_word' id='word_1_89' title='bbox 933 2142 987 2175; x_wconf 87' lang='lat' dir='ltr'>curn</span> <span class='ocrx_word' id='word_1_90' title='bbox 998 2142 1028 2175; x_wconf 80' lang='lat' dir='ltr'>er</span> <span class='ocrx_word' id='word_1_91' title='bbox 1044 2124 1097 2175; x_wconf 81' lang='lat' dir='ltr'>aliis</span> <span class='ocrx_word' id='word_1_92' title='bbox 1112 2124 1184 2185; x_wconf 80' lang='lat' dir='ltr'>loeis,</span> <span class='ocrx_word' id='word_1_93' title='bbox 1194 2136 1250 2179; x_wconf 81' lang='lat' dir='ltr'>turn</span> 
     </span>
     <span class='ocr_line' id='line_1_15' title="bbox 199 2196 1251 2266; baseline 0 -18"><span class='ocrx_word' id='word_1_94' title='bbox 199 2199 224 2248; x_wconf 89' lang='lat' dir='ltr'>in</span> <span class='ocrx_word' id='word_1_95' title='bbox 234 2199 351 2265; x_wconf 84' lang='lat' dir='ltr'>plerisque</span> <span class='ocrx_word' id='word_1_96' title='bbox 361 2199 433 2248; x_wconf 80' lang='lat' dir='ltr'>etiam</span> <span class='ocrx_word' id='word_1_97' title='bbox 443 2202 537 2247; x_wconf 79' lang='lat' dir='ltr'>occidit.</span> <span class='ocrx_word' id='word_1_98' title='bbox 571 2200 663 2248; x_wconf 71' lang='lat' dir='ltr'>llsrss.</span> <span class='ocrx_word' id='word_1_99' title='bbox 743 2214 773 2246; x_wconf 83' lang='lat' dir='ltr'>ex</span> <span class='ocrx_word' id='word_1_100' title='bbox 785 2198 827 2246; x_wconf 93' lang='lat' dir='ltr'>lib.</span> <span class='ocrx_word' id='word_1_101' title='bbox 835 2215 852 2246; x_wconf 90' lang='grc' dir='ltr'>ι.</span> <span class='ocrx_word' id='word_1_102' title='bbox 864 2200 1023 2266; x_wconf 81' lang='lat' dir='ltr'>Metarnorpb.</span> <span class='ocrx_word' id='word_1_103' title='bbox 1035 2208 1098 2248; x_wconf 84' lang='lat' dir='ltr'>etex</span> <span class='ocrx_word' id='word_1_104' title='bbox 1110 2196 1156 2248; x_wconf 91' lang='lat' dir='ltr'>lib.</span> <span class='ocrx_word' id='word_1_105' title='bbox 1168 2200 1188 2249; x_wconf 95' lang='lat' dir='ltr'>i.</span> <span class='ocrx_word' id='word_1_106' title='bbox 1206 2202 1251 2253; x_wconf 74' lang='lat' dir='ltr'>De</span> 
     </span>
     <span class='ocr_line' id='line_1_16' title="bbox 234 2271 1250 2335; baseline 0.003 -14"><span class='ocrx_word' id='word_1_107' title='bbox 234 2273 289 2321; x_wconf 82' lang='grc'><strong>136.</strong></span> <span class='ocrx_word' id='word_1_108' title='bbox 304 2273 468 2335; x_wconf 61' lang='lat' dir='ltr'>eraetiernnt]</span> <span class='ocrx_word' id='word_1_109' title='bbox 483 2273 625 2326; x_wconf 71' lang='lat' dir='ltr'>Qscsbrunt</span> <span class='ocrx_word' id='word_1_110' title='bbox 635 2273 695 2321; x_wconf 80' lang='lat' dir='ltr'>libet</span> <span class='ocrx_word' id='word_1_111' title='bbox 742 2272 845 2321; x_wconf 71' lang='lat' dir='ltr'>remedio</span> <span class='ocrx_word' id='word_1_112' title='bbox 856 2273 948 2330; x_wconf 74' lang='lat' dir='ltr'>amotis,</span> <span class='ocrx_word' id='word_1_113' title='bbox 959 2289 1013 2322; x_wconf 87' lang='lat' dir='ltr'>eum</span> <span class='ocrx_word' id='word_1_114' title='bbox 1024 2271 1148 2322; x_wconf 70' lang='lat' dir='ltr'>medicim</span> <span class='ocrx_word' id='word_1_115' title='bbox 1158 2272 1250 2325; x_wconf 73' lang='lat' dir='ltr'>inven-</span> 
     </span>
     <span class='ocr_line' id='line_1_17' title="bbox 197 2344 1251 2415; baseline 0.001 -21"><span class='ocrx_word' id='word_1_116' title='bbox 197 2344 336 2395; x_wconf 80' lang='lat' dir='ltr'>chartsceus</span> <span class='ocrx_word' id='word_1_117' title='bbox 345 2345 504 2401; x_wconf 77' lang='lat' dir='ltr'>lovaniensis,</span> <span class='ocrx_word' id='word_1_118' title='bbox 515 2355 539 2394; x_wconf 87' lang='lat' dir='ltr'>et</span> <span class='ocrx_word' id='word_1_119' title='bbox 555 2347 643 2411; x_wconf 80' lang='lat' dir='ltr'>placet.</span> <span class='ocrx_word' id='word_1_120' title='bbox 660 2345 694 2395; x_wconf 86' lang='lat' dir='ltr'>sic</span> <span class='ocrx_word' id='word_1_121' title='bbox 743 2354 816 2395; x_wconf 87' lang='lat' dir='ltr'>torem</span> <span class='ocrx_word' id='word_1_122' title='bbox 834 2347 914 2395; x_wconf 83' lang='lat' dir='ltr'>luisse.</span> <span class='ocrx_word' id='word_1_123' title='bbox 948 2346 1035 2413; x_wconf 79' lang='lat' dir='ltr'>Apollo</span> <span class='ocrx_word' id='word_1_124' title='bbox 1044 2354 1124 2395; x_wconf 78' lang='lat' dir='ltr'>sutem</span> <span class='ocrx_word' id='word_1_125' title='bbox 1140 2348 1251 2415; x_wconf 79' lang='lat' dir='ltr'>etNep·</span> 
     </span>
     <span class='ocr_line' id='line_1_18' title="bbox 196 2419 1250 2476; baseline 0.005 -8"><span class='ocrx_word' id='word_1_126' title='bbox 196 2430 316 2475; x_wconf 82' lang='lat' dir='ltr'>steterunt,</span> <span class='ocrx_word' id='word_1_127' title='bbox 324 2421 445 2475; x_wconf 80' lang='lat' dir='ltr'>dederunt,</span> <span class='ocrx_word' id='word_1_128' title='bbox 454 2422 567 2476; x_wconf 71' lang='lat' dir='ltr'>tulerunt,</span> <span class='ocrx_word' id='word_1_129' title='bbox 575 2431 599 2468; x_wconf 88' lang='lat' dir='ltr'>et</span> <span class='ocrx_word' id='word_1_130' title='bbox 609 2419 695 2469; x_wconf 84' lang='lat' dir='ltr'>similia</span> <span class='ocrx_word' id='word_1_131' title='bbox 743 2430 815 2469; x_wconf 86' lang='lat' dir='ltr'>tonus</span> <span class='ocrx_word' id='word_1_132' title='bbox 824 2438 878 2470; x_wconf 92' lang='lat' dir='ltr'>cum</span> <span class='ocrx_word' id='word_1_133' title='bbox 891 2421 962 2469; x_wconf 91' lang='lat' dir='ltr'>Ilium</span> <span class='ocrx_word' id='word_1_134' title='bbox 974 2421 1092 2469; x_wconf 85' lang='lat' dir='ltr'>mornibus</span> <span class='ocrx_word' id='word_1_135' title='bbox 1106 2431 1188 2471; x_wconf 76' lang='lat' dir='ltr'>essent</span> <span class='ocrx_word' id='word_1_136' title='bbox 1199 2422 1250 2473; x_wconf 79' lang='lat' dir='ltr'>ein-</span> 
     </span>
     <span class='ocr_line' id='line_1_19' title="bbox 197 2492 1249 2560; baseline 0.004 -18"><span class='ocrx_word' id='word_1_137' title='bbox 197 2494 328 2560; x_wconf 86' lang='lat' dir='ltr'>penultima</span> <span class='ocrx_word' id='word_1_138' title='bbox 335 2492 428 2558; x_wconf 82' lang='lat' dir='ltr'>syllaba</span> <span class='ocrx_word' id='word_1_139' title='bbox 436 2502 551 2559; x_wconf 79' lang='lat' dir='ltr'>correpta.</span> <span class='ocrx_word' id='word_1_140' title='bbox 568 2493 694 2559; x_wconf 83' lang='lat' dir='ltr'>dequibus</span> <span class='ocrx_word' id='word_1_141' title='bbox 743 2495 884 2552; x_wconf 80' lang='lat' dir='ltr'>cumdaturi,</span> <span class='ocrx_word' id='word_1_142' title='bbox 892 2494 978 2544; x_wconf 83' lang='lat' dir='ltr'>laboris</span> <span class='ocrx_word' id='word_1_143' title='bbox 985 2494 1074 2542; x_wconf 83' lang='lat' dir='ltr'>socium</span> <span class='ocrx_word' id='word_1_144' title='bbox 1082 2494 1189 2543; x_wconf 74' lang='lat' dir='ltr'>AEncm</span> <span class='ocrx_word' id='word_1_145' title='bbox 1198 2496 1249 2546; x_wconf 81' lang='lat' dir='ltr'>sibi</span> 
     </span>
     <span class='ocr_line' id='line_1_20' title="bbox 197 2566 1250 2634; baseline -0.001 -18"><span class='ocrx_word' id='word_1_146' title='bbox 197 2567 228 2615; x_wconf 81' lang='lat' dir='ltr'>nd</span> <span class='ocrx_word' id='word_1_147' title='bbox 241 2567 339 2634; x_wconf 81' lang='lat' dir='ltr'>Epistol.</span> <span class='ocrx_word' id='word_1_148' title='bbox 352 2566 394 2614; x_wconf 83' lang='lat' dir='ltr'>vii.</span> <span class='ocrx_word' id='word_1_149' title='bbox 408 2568 463 2614; x_wconf 88' lang='grc'>166.</span> <span class='ocrx_word' id='word_1_150' title='bbox 498 2567 588 2615; x_wconf 81' lang='lat' dir='ltr'>llsrss.</span> <span class='ocrx_word' id='word_1_151' title='bbox 743 2567 907 2617; x_wconf 81' lang='lat' dir='ltr'>adsciverunt:</span> <span class='ocrx_word' id='word_1_152' title='bbox 941 2566 1051 2632; x_wconf 82' lang='lat' dir='ltr'>quoniam</span> <span class='ocrx_word' id='word_1_153' title='bbox 1084 2566 1158 2615; x_wconf 65' lang='lat' dir='ltr'>fatale</span> <span class='ocrx_word' id='word_1_154' title='bbox 1193 2580 1250 2621; x_wconf 76' lang='lat' dir='ltr'>ent</span> 
     </span>
     <span class='ocr_line' id='line_1_21' title="bbox 231 2638 1247 2707; baseline 0.005 -19"><span class='ocrx_word' id='word_1_155' title='bbox 231 2642 306 2690; x_wconf 82' lang='lat' dir='ltr'>Turba</span> <span class='ocrx_word' id='word_1_156' title='bbox 322 2640 448 2703; x_wconf 66' lang='lat' dir='ltr'>proterea]</span> <span class='ocrx_word' id='word_1_157' title='bbox 465 2639 562 2689; x_wconf 81' lang='lat' dir='ltr'>Adlusit</span> <span class='ocrx_word' id='word_1_158' title='bbox 578 2640 608 2689; x_wconf 82' lang='lat' dir='ltr'>ad</span> <span class='ocrx_word' id='word_1_159' title='bbox 624 2638 694 2705; x_wconf 85' lang='lat' dir='ltr'>origi·</span> <span class='ocrx_word' id='word_1_160' title='bbox 743 2642 814 2690; x_wconf 92' lang='lat' dir='ltr'>llium</span> <span class='ocrx_word' id='word_1_161' title='bbox 832 2644 935 2692; x_wconf 82' lang='lat' dir='ltr'>excisum</span> <span class='ocrx_word' id='word_1_162' title='bbox 951 2640 995 2690; x_wconf 83' lang='lat' dir='ltr'>iri:</span> <span class='ocrx_word' id='word_1_163' title='bbox 1012 2641 1084 2707; x_wconf 83' lang='lat' dir='ltr'>idque</span> <span class='ocrx_word' id='word_1_164' title='bbox 1099 2650 1247 2693; x_wconf 81' lang='lat' dir='ltr'>eventurum</span> 
     </span>
     <span class='ocr_line' id='line_1_22' title="bbox 196 2712 1248 2781; baseline 0.005 -19"><span class='ocrx_word' id='word_1_165' title='bbox 196 2729 251 2762; x_wconf 85' lang='lat' dir='ltr'>nem</span> <span class='ocrx_word' id='word_1_166' title='bbox 268 2712 387 2762; x_wconf 86' lang='lat' dir='ltr'>vocabuli.</span> <span class='ocrx_word' id='word_1_167' title='bbox 425 2716 520 2778; x_wconf 83' lang='lat' dir='ltr'>Satyros</span> <span class='ocrx_word' id='word_1_168' title='bbox 539 2714 601 2763; x_wconf 79' lang='lat' dir='ltr'>enim</span> <span class='ocrx_word' id='word_1_169' title='bbox 618 2714 693 2763; x_wconf 88' lang='lat' dir='ltr'>dictos</span> <span class='ocrx_word' id='word_1_170' title='bbox 745 2733 791 2764; x_wconf 91' lang='lat' dir='ltr'>non</span> <span class='ocrx_word' id='word_1_171' title='bbox 801 2728 859 2771; x_wconf 86' lang='lat' dir='ltr'>erat,</span> <span class='ocrx_word' id='word_1_172' title='bbox 867 2716 910 2766; x_wconf 89' lang='lat' dir='ltr'>nisi</span> <span class='ocrx_word' id='word_1_173' title='bbox 921 2717 1001 2781; x_wconf 80' lang='lat' dir='ltr'>aliqua</span> <span class='ocrx_word' id='word_1_174' title='bbox 1010 2724 1077 2780; x_wconf 80' lang='lat' dir='ltr'>parte</span> <span class='ocrx_word' id='word_1_175' title='bbox 1085 2714 1170 2764; x_wconf 76' lang='lat' dir='ltr'>minin</span> <span class='ocrx_word' id='word_1_176' title='bbox 1180 2732 1248 2767; x_wconf 79' lang='lat' dir='ltr'>mor-</span> 
     </span>
     <span class='ocr_line' id='line_1_23' title="bbox 195 2787 1247 2853; baseline 0.004 -16"><span class='ocrx_word' id='word_1_177' title='bbox 195 2787 363 2853; x_wconf 60' lang='lat' dir='ltr'>ationquae</span> <span class='ocrx_word' id='word_1_178' title='bbox 380 2787 456 2852; x_wconf 84' lang='lat' dir='ltr'>prisca</span> <span class='ocrx_word' id='word_1_179' title='bbox 466 2788 694 2852; x_wconf 80' lang='lat' dir='ltr'>Graecorumlingua</span> <span class='ocrx_word' id='word_1_180' title='bbox 745 2791 786 2838; x_wconf 81' lang='lat' dir='ltr'>tali</span> <span class='ocrx_word' id='word_1_181' title='bbox 795 2800 964 2839; x_wconf 84' lang='lat' dir='ltr'>estmerentur.</span> <span class='ocrx_word' id='word_1_182' title='bbox 998 2790 1060 2837; x_wconf 88' lang='lat' dir='ltr'>ilinc</span> <span class='ocrx_word' id='word_1_183' title='bbox 1076 2788 1148 2853; x_wconf 87' lang='lat' dir='ltr'>igitur</span> <span class='ocrx_word' id='word_1_184' title='bbox 1164 2788 1247 2841; x_wconf 73' lang='lat' dir='ltr'>tectu</span> 
     </span>
     <span class='ocr_line' id='line_1_24' title="bbox 194 2860 1244 2930; baseline 0.003 -20"><span class='ocrx_word' id='word_1_185' title='bbox 194 2861 311 2926; x_wconf 81' lang='lat' dir='ltr'>siguificat</span> <span class='ocrx_word' id='word_1_186' title='bbox 320 2861 458 2918; x_wconf 85' lang='lat' dir='ltr'>mentulam,</span> <span class='ocrx_word' id='word_1_187' title='bbox 465 2863 602 2930; x_wconf 76' lang='lat' dir='ltr'>Macrobius</span> <span class='ocrx_word' id='word_1_188' title='bbox 613 2872 694 2911; x_wconf 87' lang='lat' dir='ltr'>auctor</span> <span class='ocrx_word' id='word_1_189' title='bbox 744 2875 780 2912; x_wconf 81' lang='lat' dir='ltr'>est</span> <span class='ocrx_word' id='word_1_190' title='bbox 789 2865 854 2913; x_wconf 89' lang='lat' dir='ltr'>locus</span> <span class='ocrx_word' id='word_1_191' title='bbox 864 2865 960 2913; x_wconf 68' lang='lat' dir='ltr'>tabule.</span> <span class='ocrx_word' id='word_1_192' title='bbox 977 2863 1093 2913; x_wconf 74' lang='lat' dir='ltr'>Pindum</span> <span class='ocrx_word' id='word_1_193' title='bbox 1102 2862 1128 2911; x_wconf 87' lang='lat' dir='ltr'>in</span> <span class='ocrx_word' id='word_1_194' title='bbox 1138 2860 1244 2930; x_wconf 80' lang='lat' dir='ltr'>Olymp.</span> 
     </span>
     <span class='ocr_line' id='line_1_25' title="bbox 195 2935 769 3000; baseline 0.005 -16"><span class='ocrx_word' id='word_1_195' title='bbox 195 2944 239 2993; x_wconf 86' lang='lat' dir='ltr'>est,</span> <span class='ocrx_word' id='word_1_196' title='bbox 259 2935 315 3000; x_wconf 81' lang='lat' dir='ltr'>quia</span> <span class='ocrx_word' id='word_1_197' title='bbox 337 2936 428 2985; x_wconf 84' lang='lat' dir='ltr'>salaces</span> <span class='ocrx_word' id='word_1_198' title='bbox 448 2944 472 2984; x_wconf 90' lang='lat' dir='ltr'>et</span> <span class='ocrx_word' id='word_1_199' title='bbox 489 2935 607 2986; x_wconf 83' lang='lat' dir='ltr'>libidinosi</span> <span class='ocrx_word' id='word_1_200' title='bbox 627 2945 692 2986; x_wconf 81' lang='lat' dir='ltr'>sunt.</span> <span class='ocrx_word' id='word_1_201' title='bbox 743 2956 769 2998; x_wconf 76' lang='grc' dir='ltr'>η.</span> 
     </span>
     <span class='ocr_line' id='line_1_26' title="bbox 195 3008 1243 3076; baseline 0.004 -19"><span class='ocrx_word' id='word_1_202' title='bbox 195 3011 298 3058; x_wconf 79' lang='lat' dir='ltr'>Psunrr.</span> <span class='ocrx_word' id='word_1_203' title='bbox 774 3014 825 3061; x_wconf 83' lang='grc' dir='ltr'>Τὸν</span> <span class='ocrx_word' id='word_1_204' title='bbox 832 3011 875 3075; x_wconf 86' lang='lat' dir='ltr'>(de</span> <span class='ocrx_word' id='word_1_205' title='bbox 887 3013 962 3060; x_wconf 77' lang='lat' dir='ltr'>AEaco</span> <span class='ocrx_word' id='word_1_206' title='bbox 969 3010 1086 3076; x_wconf 87' lang='lat' dir='ltr'>loquitur)</span> <span class='ocrx_word' id='word_1_207' title='bbox 1094 3008 1243 3069; x_wconf 74' lang='grc' dir='ltr'><strong>παῖςόΔα-</strong></span> 
     </span>
     <span class='ocr_line' id='line_1_27' title="bbox 230 3082 1023 3151; baseline 0.004 -21"><span class='ocrx_word' id='word_1_208' title='bbox 230 3086 286 3132; x_wconf 82' lang='grc'><strong>138.</strong></span> <span class='ocrx_word' id='word_1_209' title='bbox 306 3084 359 3137; x_wconf 81' lang='lat' dir='ltr'>Qua</span> <span class='ocrx_word' id='word_1_210' title='bbox 377 3094 447 3131; x_wconf 81' lang='lat' dir='ltr'>tumet</span> <span class='ocrx_word' id='word_1_211' title='bbox 466 3083 532 3147; x_wconf 72' lang='lat' dir='ltr'>idm]</span> <span class='ocrx_word' id='word_1_212' title='bbox 552 3084 600 3133; x_wconf 88' lang='lat' dir='ltr'>Ubi</span> <span class='ocrx_word' id='word_1_213' title='bbox 617 3082 692 3148; x_wconf 79' lang='lat' dir='ltr'>magis</span> <span class='ocrx_word' id='word_1_214' title='bbox 807 3088 865 3142; x_wconf 64' lang='lat' dir='ltr'>rote</span> <span class='ocrx_word' id='word_1_215' title='bbox 876 3084 1023 3151; x_wconf 75' lang='lat' dir='ltr'>lldprrpidor</span> 
     </span>
     <span class='ocr_line' id='line_1_28' title="bbox 195 3157 1005 3222; baseline 0.005 -17"><span class='ocrx_word' id='word_1_216' title='bbox 195 3157 269 3206; x_wconf 84' lang='lat' dir='ltr'>densa</span> <span class='ocrx_word' id='word_1_217' title='bbox 285 3165 321 3205; x_wconf 90' lang='lat' dir='ltr'>est</span> <span class='ocrx_word' id='word_1_218' title='bbox 339 3157 466 3213; x_wconf 81' lang='lat' dir='ltr'>arboribus,</span> <span class='ocrx_word' id='word_1_219' title='bbox 485 3158 523 3205; x_wconf 87' lang='lat' dir='ltr'>vel</span> <span class='ocrx_word' id='word_1_220' title='bbox 541 3157 616 3222; x_wconf 84' lang='lat' dir='ltr'>magis</span> <span class='ocrx_word' id='word_1_221' title='bbox 632 3158 690 3206; x_wconf 76' lang='lat' dir='ltr'>altr.</span> <span class='ocrx_word' id='word_1_222' title='bbox 837 3178 862 3208; x_wconf 83' lang='grc' dir='ltr'>τε</span> <span class='ocrx_word' id='word_1_223' title='bbox 874 3158 1005 3215; x_wconf 69' lang='grc' dir='ltr'><strong><em>Ποσειδᾶν,</em></strong></span> 
     </span>
     <span class='ocr_line' id='line_1_29' title="bbox 196 3229 1174 3298; baseline -0.001 -18"><span class='ocrx_word' id='word_1_224' title='bbox 196 3232 267 3280; x_wconf 79' lang='lat' dir='ltr'>Cios.</span> <span class='ocrx_word' id='word_1_225' title='bbox 302 3231 340 3278; x_wconf 86' lang='lat' dir='ltr'>lta</span> <span class='ocrx_word' id='word_1_226' title='bbox 360 3241 423 3280; x_wconf 89' lang='lat' dir='ltr'>recte</span> <span class='ocrx_word' id='word_1_227' title='bbox 445 3234 542 3279; x_wconf 84' lang='lat' dir='ltr'>tumidus</span> <span class='ocrx_word' id='word_1_228' title='bbox 565 3234 692 3281; x_wconf 74' lang='lat' dir='ltr'>Germanic</span> <span class='ocrx_word' id='word_1_229' title='bbox 773 3230 841 3297; x_wconf 75' lang='grc' dir='ltr'>Ἰλίῳ</span> <span class='ocrx_word' id='word_1_230' title='bbox 850 3233 1035 3298; x_wconf 73' lang='grc' dir='ltr'>μίλλοντεςέπὶ</span> <span class='ocrx_word' id='word_1_231' title='bbox 1049 3229 1174 3296; x_wconf 62' lang='grc' dir='ltr'>στέφανον</span> 
     </span>
     <span class='ocr_line' id='line_1_30' title="bbox 196 3305 1153 3370; baseline 0.002 -19"><span class='ocrx_word' id='word_1_232' title='bbox 196 3314 275 3359; x_wconf 75' lang='lat' dir='ltr'>terror,</span> <span class='ocrx_word' id='word_1_233' title='bbox 286 3312 404 3352; x_wconf 83' lang='lat' dir='ltr'>montosas</span> <span class='ocrx_word' id='word_1_234' title='bbox 413 3305 577 3370; x_wconf 83' lang='lat' dir='ltr'>interpretatur</span> <span class='ocrx_word' id='word_1_235' title='bbox 588 3305 692 3356; x_wconf 83' lang='lat' dir='ltr'>Picbena</span> <span class='ocrx_word' id='word_1_236' title='bbox 773 3309 867 3363; x_wconf 76' lang='grc' dir='ltr'><strong>Τεῦξαι,</strong></span> <span class='ocrx_word' id='word_1_237' title='bbox 879 3306 1018 3357; x_wconf 73' lang='grc' dir='ltr'>καλέσαντο</span> <span class='ocrx_word' id='word_1_238' title='bbox 1028 3306 1153 3369; x_wconf 76' lang='grc' dir='ltr'>συνεργὸν</span> 
     </span>
     <span class='ocr_line' id='line_1_31' title="bbox 196 3377 1206 3445; baseline 0.001 -18"><span class='ocrx_word' id='word_1_239' title='bbox 196 3379 260 3444; x_wconf 82' lang='lat' dir='ltr'>apud</span> <span class='ocrx_word' id='word_1_240' title='bbox 276 3377 353 3426; x_wconf 84' lang='lat' dir='ltr'>Tacit.</span> <span class='ocrx_word' id='word_1_241' title='bbox 369 3377 396 3425; x_wconf 90' lang='lat' dir='ltr'>ii.</span> <span class='ocrx_word' id='word_1_242' title='bbox 407 3379 496 3427; x_wconf 81' lang='lat' dir='ltr'>Annnl.</span> <span class='ocrx_word' id='word_1_243' title='bbox 508 3381 550 3426; x_wconf 80' lang='lat'>2³.</span> <span class='ocrx_word' id='word_1_244' title='bbox 566 3389 589 3428; x_wconf 83' lang='lat' dir='ltr'>et</span> <span class='ocrx_word' id='word_1_245' title='bbox 607 3380 692 3430; x_wconf 86' lang='lat' dir='ltr'>Noster</span> <span class='ocrx_word' id='word_1_246' title='bbox 773 3382 879 3445; x_wconf 62' lang='lat' dir='ltr'>Telxroc·</span> <span class='ocrx_word' id='word_1_247' title='bbox 898 3381 931 3439; x_wconf 82' lang='grc' dir='ltr'>ῆν</span> <span class='ocrx_word' id='word_1_248' title='bbox 941 3380 980 3429; x_wconf 72' lang='grc' dir='ltr'>ὅτι</span> <span class='ocrx_word' id='word_1_249' title='bbox 991 3381 1041 3436; x_wconf 76' lang='grc' dir='ltr'>νίν,</span> <span class='ocrx_word' id='word_1_250' title='bbox 1051 3380 1097 3428; x_wconf 80' lang='lat' dir='ltr'>nc.</span> <span class='ocrx_word' id='word_1_251' title='bbox 1130 3378 1206 3428; x_wconf 71' lang='lat' dir='ltr'>cros.</span> 
     </span>
     <span class='ocr_line' id='line_1_32' title="bbox 196 3451 1240 3519; baseline 0.001 -16"><span class='ocrx_word' id='word_1_252' title='bbox 196 3458 293 3504; x_wconf 80' lang='lat' dir='ltr'>tumidos</span> <span class='ocrx_word' id='word_1_253' title='bbox 312 3463 394 3501; x_wconf 84' lang='lat' dir='ltr'>montes</span> <span class='ocrx_word' id='word_1_254' title='bbox 414 3453 474 3502; x_wconf 82' lang='lat' dir='ltr'>dixit</span> <span class='ocrx_word' id='word_1_255' title='bbox 491 3452 518 3501; x_wconf 85' lang='lat' dir='ltr'>ii.</span> <span class='ocrx_word' id='word_1_256' title='bbox 540 3453 622 3502; x_wconf 79' lang='lat' dir='ltr'>Amor.</span> <span class='ocrx_word' id='word_1_257' title='bbox 641 3455 690 3505; x_wconf 82' lang='lat' dir='ltr'>xvi.</span> <span class='ocrx_word' id='word_1_258' title='bbox 774 3455 867 3519; x_wconf 51' lang='lat' dir='ltr'>Taya]</span> <span class='ocrx_word' id='word_1_259' title='bbox 886 3454 934 3502; x_wconf 88' lang='lat' dir='ltr'>llii.</span> <span class='ocrx_word' id='word_1_260' title='bbox 959 3454 1026 3502; x_wconf 78' lang='lat' dir='ltr'>Alias</span> <span class='ocrx_word' id='word_1_261' title='bbox 1035 3454 1105 3517; x_wconf 78' lang='lat' dir='ltr'>Troja</span> <span class='ocrx_word' id='word_1_262' title='bbox 1115 3451 1180 3516; x_wconf 85' lang='lat' dir='ltr'>regio</span> <span class='ocrx_word' id='word_1_263' title='bbox 1190 3460 1240 3503; x_wconf 74' lang='lat' dir='ltr'>ut.</span> 
     </span>
     <span class='ocr_line' id='line_1_33' title="bbox 196 3528 811 3578; baseline 0 -2"><span class='ocrx_word' id='word_1_264' title='bbox 196 3529 238 3576; x_wconf 77' lang='lat' dir='ltr'>st.</span> <span class='ocrx_word' id='word_1_265' title='bbox 272 3528 361 3573; x_wconf 77' lang='lat' dir='ltr'>Bran.</span> <span class='ocrx_word' id='word_1_266' title='bbox 740 3530 811 3578; x_wconf 80' lang='lat' dir='ltr'>Cror.</span> 
     </span>
     <span class='ocr_line' id='line_1_34' title="bbox 230 3597 1238 3664; baseline 0 -15"><span class='ocrx_word' id='word_1_267' title='bbox 230 3602 286 3649; x_wconf 83' lang='lat'>1³9.</span> <span class='ocrx_word' id='word_1_268' title='bbox 306 3600 345 3647; x_wconf 83' lang='lat' dir='ltr'>tte</span> <span class='ocrx_word' id='word_1_269' title='bbox 354 3601 406 3663; x_wconf 81' lang='lat' dir='ltr'>fide</span> <span class='ocrx_word' id='word_1_270' title='bbox 417 3605 548 3664; x_wconf 80' lang='lat' dir='ltr'>conspicuus</span> <span class='ocrx_word' id='word_1_271' title='bbox 560 3603 630 3664; x_wconf 73' lang='lat' dir='ltr'>Trqy&#39;r</span> <span class='ocrx_word' id='word_1_272' title='bbox 642 3622 690 3651; x_wconf 70' lang='lat' dir='ltr'>mre·</span> <span class='ocrx_word' id='word_1_273' title='bbox 775 3604 830 3650; x_wconf 79' lang='grc'><strong>141.</strong></span> <span class='ocrx_word' id='word_1_274' title='bbox 850 3603 930 3650; x_wconf 80' lang='lat' dir='ltr'>Tamen</span> <span class='ocrx_word' id='word_1_275' title='bbox 943 3601 1019 3664; x_wconf 67' lang='lat' dir='ltr'>anta]</span> <span class='ocrx_word' id='word_1_276' title='bbox 1042 3600 1125 3663; x_wconf 74' lang='lat' dir='ltr'>llrrgrre</span> <span class='ocrx_word' id='word_1_277' title='bbox 1140 3597 1238 3664; x_wconf 80' lang='lat' dir='ltr'>scripti:</span> 
     </span>
     <span class='ocr_line' id='line_1_35' title="bbox 195 3673 1142 3742; baseline -0.004 -18"><span class='ocrx_word' id='word_1_278' title='bbox 195 3679 257 3724; x_wconf 82' lang='lat' dir='ltr'>nitor</span> <span class='ocrx_word' id='word_1_279' title='bbox 274 3673 383 3735; x_wconf 67' lang='lat' dir='ltr'>amarit]</span> <span class='ocrx_word' id='word_1_280' title='bbox 412 3676 561 3739; x_wconf 72' lang='grc' dir='ltr'><strong><em>Περίφρασις</em></strong></span> <span class='ocrx_word' id='word_1_281' title='bbox 577 3675 692 3740; x_wconf 79' lang='lat' dir='ltr'>Apollinis</span> <span class='ocrx_word' id='word_1_282' title='bbox 740 3678 835 3727; x_wconf 88' lang='lat' dir='ltr'>rectius.</span> <span class='ocrx_word' id='word_1_283' title='bbox 847 3694 900 3742; x_wconf 89' lang='lat' dir='ltr'>sup.</span> <span class='ocrx_word' id='word_1_284' title='bbox 912 3679 953 3725; x_wconf 80' lang='lat' dir='ltr'>ta.</span> <span class='ocrx_word' id='word_1_285' title='bbox 966 3678 1042 3742; x_wconf 84' lang='lat' dir='ltr'>Epist.</span> <span class='ocrx_word' id='word_1_286' title='bbox 1054 3674 1088 3722; x_wconf 83' lang='lat' dir='ltr'>xi.</span> <span class='ocrx_word' id='word_1_287' title='bbox 1100 3675 1142 3721; x_wconf 70' lang='lat'>92.</span> 
     </span>
     <span class='ocr_line' id='line_1_36' title="bbox 195 3746 1240 3815; baseline -0.002 -18"><span class='ocrx_word' id='word_1_288' title='bbox 195 3749 225 3798; x_wconf 88' lang='lat' dir='ltr'>ad</span> <span class='ocrx_word' id='word_1_289' title='bbox 252 3746 409 3796; x_wconf 81' lang='lat' dir='ltr'>differentiam</span> <span class='ocrx_word' id='word_1_290' title='bbox 437 3747 553 3812; x_wconf 83' lang='lat' dir='ltr'>Neptuni.</span> <span class='ocrx_word' id='word_1_291' title='bbox 588 3749 691 3815; x_wconf 83' lang='lat' dir='ltr'>Ideoque</span> <span class='ocrx_word' id='word_1_292' title='bbox 774 3752 875 3815; x_wconf 80' lang='lat' dir='ltr'>Contigit</span> <span class='ocrx_word' id='word_1_293' title='bbox 898 3753 965 3814; x_wconf 77' lang='lat' dir='ltr'>inque</span> <span class='ocrx_word' id='word_1_294' title='bbox 990 3766 1048 3797; x_wconf 79' lang='lat' dir='ltr'>meas</span> <span class='ocrx_word' id='word_1_295' title='bbox 1067 3748 1183 3811; x_wconf 76' lang='lat' dir='ltr'>anguibus</span> <span class='ocrx_word' id='word_1_296' title='bbox 1204 3748 1240 3795; x_wconf 82' lang='lat' dir='ltr'>irs</span> 
     </span>
     <span class='ocr_line' id='line_1_37' title="bbox 194 3819 1205 3891; baseline 0.001 -23"><span class='ocrx_word' id='word_1_297' title='bbox 194 3832 275 3891; x_wconf 78' lang='lat' dir='ltr'>postea</span> <span class='ocrx_word' id='word_1_298' title='bbox 286 3819 395 3885; x_wconf 87' lang='lat' dir='ltr'>subjicit:</span> <span class='ocrx_word' id='word_1_299' title='bbox 803 3842 881 3890; x_wconf 65' lang='lat' dir='ltr'>genas.</span> <span class='ocrx_word' id='word_1_300' title='bbox 1111 3820 1205 3869; x_wconf 79' lang='lat' dir='ltr'>Hsrrts.</span> 
     </span>
     <span class='ocr_line' id='line_1_38' title="bbox 227 3893 1237 3960; baseline 0.003 -19"><span class='ocrx_word' id='word_1_301' title='bbox 227 3896 456 3959; x_wconf 63' lang='lat' dir='ltr'>lmrcturdignam</span> <span class='ocrx_word' id='word_1_302' title='bbox 472 3895 568 3941; x_wconf 80' lang='lat' dir='ltr'>medicas</span> <span class='ocrx_word' id='word_1_303' title='bbox 578 3895 690 3943; x_wconf 79' lang='lat' dir='ltr'>militm·</span> <span class='ocrx_word' id='word_1_304' title='bbox 774 3900 829 3948; x_wconf 83' lang='lat' dir='ltr'>tts.</span> <span class='ocrx_word' id='word_1_305' title='bbox 855 3896 978 3960; x_wconf 72' lang='lat' dir='ltr'>treticus]</span> <span class='ocrx_word' id='word_1_306' title='bbox 1004 3894 1067 3944; x_wconf 78' lang='lat' dir='ltr'>Vide</span> <span class='ocrx_word' id='word_1_307' title='bbox 1086 3893 1237 3959; x_wconf 79' lang='lat' dir='ltr'>Lycopbmn.</span> 
     </span>
     <span class='ocr_line' id='line_1_39' title="bbox 289 3967 1241 4025; baseline -0.007 0"><span class='ocrx_word' id='word_1_308' title='bbox 289 3970 350 4015; x_wconf 62' lang='lat' dir='ltr'>didi?</span> <span class='ocrx_word' id='word_1_309' title='bbox 358 3978 426 4025; x_wconf 72' lang='lat' dir='ltr'>ones,</span> <span class='ocrx_word' id='word_1_310' title='bbox 739 3973 855 4022; x_wconf 80' lang='lat' dir='ltr'>Cassand.</span> <span class='ocrx_word' id='word_1_311' title='bbox 866 3989 890 4020; x_wconf 89' lang='lat' dir='ltr'>v.</span> <span class='ocrx_word' id='word_1_312' title='bbox 906 3972 948 4019; x_wconf 90' lang='grc'>61.</span> <span class='ocrx_word' id='word_1_313' title='bbox 965 3979 990 4019; x_wconf 89' lang='lat' dir='ltr'>et</span> <span class='ocrx_word' id='word_1_314' title='bbox 1003 3969 1036 4019; x_wconf 90' lang='lat' dir='ltr'>ibi</span> <span class='ocrx_word' id='word_1_315' title='bbox 1050 3967 1198 4017; x_wconf 77' lang='lat' dir='ltr'>Scholiasten</span> <span class='ocrx_word' id='word_1_316' title='bbox 1213 3977 1241 4018; x_wconf 84' lang='lat' dir='ltr'>et</span> 
     </span>
     <span class='ocr_line' id='line_1_40' title="bbox 257 4043 934 4107; baseline 0 -16"><span class='ocrx_word' id='word_1_317' title='bbox 257 4044 398 4107; x_wconf 79' lang='lat' dir='ltr'>Admisitque</span> <span class='ocrx_word' id='word_1_318' title='bbox 408 4059 467 4092; x_wconf 80' lang='lat' dir='ltr'>meas</span> <span class='ocrx_word' id='word_1_319' title='bbox 481 4043 512 4090; x_wconf 83' lang='lat' dir='ltr'>cd</span> <span class='ocrx_word' id='word_1_320' title='bbox 521 4058 563 4091; x_wconf 82' lang='lat' dir='ltr'>sur</span> <span class='ocrx_word' id='word_1_321' title='bbox 573 4043 633 4090; x_wconf 81' lang='lat' dir='ltr'>donc</span> <span class='ocrx_word' id='word_1_322' title='bbox 643 4060 690 4091; x_wconf 76' lang='lat' dir='ltr'>m·</span> <span class='ocrx_word' id='word_1_323' title='bbox 740 4044 934 4095; x_wconf 85' lang='lat' dir='ltr'>Commentarios.</span> 
     </span>
     <span class='ocr_line' id='line_1_41' title="bbox 288 4132 342 4164; baseline 0 0"><span class='ocrx_word' id='word_1_324' title='bbox 288 4132 342 4164; x_wconf 74' lang='lat' dir='ltr'>nra.</span> 
     </span>
    </p>
   </div>
   <div class='ocr_carea' id='block_1_4' title="bbox 0 0 1452 4980">
    <p class='ocr_par' dir='ltr' id='par_1_9' title="bbox 0 0 1452 4980">
     <span class='ocr_line' id='line_1_42' title="bbox 0 0 1452 4980; baseline 0 3"><span class='ocrx_word' id='word_1_325' title='bbox 0 0 1452 4980; x_wconf 95' lang='lat' dir='ltr'> </span> 
     </span>
    </p>
   </div>
  </div>
 </body>
</html>
