2896 4980
356 313 498 382 ARTIS
520 310 789 378 Amn'romAE
811 312 902 378 LIB.
926 311 956 377 Ι.
1113 314 1178 379 sot

140 487 298 561 Saucius
315 488 509 583 ingemuit,
528 487 722 584 telumque
737 486 887 560 volatile
905 485 1044 565 sensit:

188 601 238 676 Et
252 628 338 703 pars
356 605 516 702 spectati
534 603 698 676 muneris
716 601 798 699 ipse
815 600 897 675 suit.
971 620 979 634 ·
1108 605 1179 674 lro

139 717 263 802 Quid?
290 721 400 794 modo
418 745 504 793 cum
522 719 611 793 belli
629 718 770 791 navalis
788 715 950 811 imagine
969 716 1100 789 Caesar

188 833 365 910 Persidas
383 835 531 908 induxit
549 834 857 931 Cecropidasque
874 832 999 904 rates?

141 947 287 1048 Nempe
305 951 352 1025 ab
366 961 525 1047 utroque
540 949 631 1022 mari
645 950 816 1045 juveneta,
832 946 880 1019 ab
894 956 1054 1041 utroque
1073 948 1178 1044 puel-

186 1064 348 1140 Venere:
361 1126 364 1131 .
377 1076 492 1162 atque
510 1067 642 1161 ingens
660 1063 760 1136 orbis
779 1062 816 1134 in
837 1060 941 1133 Urbe
958 1059 1040 1133 suit.
1114 1061 1178 1155 [lae

139 1178 231 1263 Quis
249 1205 324 1253 non
342 1181 492 1266 invenit,
511 1181 623 1253 turbat
642 1178 745 1275 quod
763 1186 906 1252 amaret
923 1176 960 1248 in
978 1175 1069 1249 illa?
1109 1180 1178 1249 175

186 1293 308 1382 Eheu,
327 1320 442 1392 quam
460 1297 597 1368 multos
615 1295 759 1370 advena
775 1294 884 1367 torsit
900 1291 1036 1364 Amor!
1111 1323 1119 1335 ·

139 1408 239 1484 Ecce
257 1421 364 1508 parat
380 1410 510 1484 Caesar
526 1410 681 1495 domito,
701 1408 806 1506 quod
823 1406 954 1493 deluit,
973 1406 1053 1479 orbi

186 1523 350 1599 Addere.
378 1550 490 1612 nunc,
511 1525 647 1599 Oriens
665 1526 807 1609 ultime,
827 1533 954 1595 noster
970 1523 1056 1595 eris,

139 1637 290 1727 Parthe,
308 1641 417 1714 dabis
436 1664 587 1739 poenas:
617 1641 746 1713 Crassi
764 1638 926 1734 gaudete
943 1636 1093 1733 sepulti,

188 1753 382 1852 Signaque
397 1755 610 1828 barbaricas
624 1778 698 1826 non
711 1755 808 1826 bene
821 1775 934 1850 passa
947 1774 1093 1823 manua.
1110 1755 1180 1823 luo

141 1866 248 1940 Ultor
265 1869 391 1956 adest;
411 1869 618 1966 primisque
631 1869 766 1941 ducem
785 1867 979 1964 profitetur
997 1866 1034 1937 in
1048 1866 1177 1939 armis:

188 1980 373 2080 Bellaque
391 2009 464 2057 non
483 2008 598 2081 puero
616 1995 753 2058 tractat
769 1983 917 2080 agenda
933 2005 1038 2079 puer.

140 2094 288 2170 Parcite
305 2099 460 2183 natales
480 2096 613 2182 timidi,
633 2123 828 2172 numerare
848 2098 1035 2171 Deorum:

189 2212 403 2286 Caesaribus
421 2214 537 2286 virtus
555 2215 713 2310 contigit
731 2225 817 2288 ante
835 2213 948 2286 diem.

48 2404 85 2441 .-·=
141 2323 336 2422 Ingenium
353 2329 507 2401 coeleste
525 2329 602 2401 suis
619 2329 785 2403 velocius
803 2329 911 2401 aunis
1111 2329 1178 2398 185

189 2440 337 2537 Surgit3
367 2453 407 2515 et
423 2442 566 2539 ignavae
585 2441 656 2518 fert
673 2444 770 2518 male
787 2443 926 2516 damna
943 2464 1068 2515 morae.

138 2773 278 2841 scripserunt
299 2775 343 2824 hoc
359 2775 493 2840 plenissime
514 2775 633 2824 illustran-
683 2776 779 2840 quando
789 2776 839 2841 ipse
851 2775 987 2824 Armenium
1005 2773 1123 2839 proiectus
1136 2783 1180 2831 est,

138 2856 181 2896 tes.
213 2849 290 2897 Recte
301 2850 446 2899 veroDouza
456 2849 585 2906 adnotavit,
596 2865 633 2898 so-
683 2848 708 2898 id
725 2850 789 2914 quod
811 2849 879 2914 longe
901 2858 957 2898 ante
975 2860 1073 2897 mortem
1088 2849 1141 2914 Caji
1155 2857 1180 2897 et

138 2920 185 2971 lere
194 2938 279 2971 manus
288 2923 354 2987 tangi
370 2923 431 2971 inter
441 2923 634 2981 concertationes,
685 2923 751 2973 Lucii
767 2925 855 2972 lactum
867 2933 912 2979 est,
926 2924 1001 2971 Cusus
1011 2922 1059 2971 dici
1076 2922 1179 2972 nondum

137 2996 223 3059 quibus
236 2995 372 3061 sponsiones
385 3006 442 3046 rete
460 3013 510 3047 esse
528 2997 633 3046 indicuu·
683 2998 793 3064 potuerit.
828 2998 930 3054 Deinde,
951 2997 1015 3062 quod
1036 3005 1061 3045 et
1081 3012 1180 3062 puerum

138 3078 183 3119 tnr.
218 3071 308 3119 Βυιιιι.
684 3082 767 3121 vocat:
785 3088 832 3136 quo
844 3072 937 3120 nomine
946 3070 1105 3127 immerito,ut
1115 3080 1180 3136 puto,

171 3145 226 3193 170.
245 3145 276 3192 Et
294 3161 348 3207 pars
363 3147 457 3207 spectati
472 3147 575 3194 vulneris
589 3147 634 3208 ipss
682 3146 790 3195 Tiberius
801 3154 930 3202 vocaretur,
942 3145 984 3210 qui
997 3145 1046 3209 jam
1064 3160 1135 3210 supra
1145 3147 1180 3194 vi·

129 3217 207 3283 suit.]
226 3218 318 3282 Regius
330 3228 355 3268 et
366 3217 509 3268 oxoniensis
518 3234 573 3268 cum
586 3220 633 3268 Ex·
683 3219 742 3283 giuti
763 3218 840 3268 utatis
861 3234 935 3268 annos
959 3218 1105 3283 impleverat,
1124 3233 1180 3267 curn

136 3291 222 3358 cerptis
238 3291 352 3356 Sesligeri
369 3306 397 3342 ac
414 3290 525 3349 Puteani,
540 3296 634 3354 spectati
683 3292 1182 3359 expeditiosyriacasusciperetur.Mrcrr..

137 3368 243 3414 nonaria
267 3365 371 3430 egregie,
390 3376 418 3414 ut
432 3366 483 3430 jem
503 3365 583 3415 monui
603 3367 633 3416 ad
718 3369 772 3416 179.
796 3368 872 3416 Crnsss'
891 3370 991 3432 gaudete
1009 3367 1116 3430 aptum]
1138 3368 1181 3420 vi-

136 3438 303 3495 Claudisnum,
321 3439 365 3488 lib.
384 3438 411 3487 ii.
429 3440 454 3488 in
472 3439 555 3488 Rufin.
573 3457 634 3490 vers.
683 3440 787 3489 (lendum
806 3457 837 3489 an
851 3440 943 3491 veritati
958 3440 1092 3498 conveniat,
1109 3451 1135 3490 et
1151 3456 1181 3490 sn

136 3512 194 3561 ³96.
210 3511 323 3577 intelligit
337 3512 401 3562 enim
416 3528 501 3562 munus
517 3513 633 3578 gladiato·
684 3529 730 3561 non
741 3513 828 3569 Crassi,
844 3514 966 3565 aPartlris
982 3513 1046 3570 cesi,
1056 3514 1181 3580 sepulchro

137 3583 207 3634 rium.
239 3586 331 3636 Herus.
683 3587 811 3637 caruerint.
829 3595 893 3636 certe
901 3587 983 3637 Veler.
994 3589 1061 3636 Max.
1070 3586 1086 3636 i.
1095 3588 1129 3635 vi.
1143 3589 1181 3636 ll.

171 3660 225 3708 177.
242 3659 302 3709 Eoos
310 3670 377 3722 perot
389 3661 473 3718 Cesar,
482 3662 566 3710 domito
575 3664 633 3724 quod
685 3662 772 3724 Corpus
781 3664 922 3725 inperatoris
932 3665 993 3710 inter
997 3664 1135 3724 promiscuos
1142 3679 1180 3709 ca·

28 3735 41 3744 '
135 3733 211 3798 ἁφὴ
236 3736 286 3782 orls'
307 3734 366 3798 dte]
404 3734 443 3783 De
466 3734 526 3799 Cejo
550 3735 633 3799 megia,
683 3738 792 3784 dacorum
803 3747 884 3793 stratas,
898 3736 1181 3798 aviumssrarumqueler·

136 3822 209 3871 quam
229 3807 259 3857 de
277 3807 372 3856 'liberio
392 3807 573 3872 intelligendum
589 3808 633 3858 lroc
684 3811 785 3858 niolitus
794 3812 911 3872 olpeetum.
924 3808 991 3865 sorte,
1001 3808 1075 3856 Crassi
1082 3812 1181 3871 gaudete

136 3879 189 3929 looo
195 3889 221 3930 et
230 3881 385 3946 sequentibus
392 3881 633 3947 videtur:propterea
683 3884 716 3931 lis
734 3885 788 3930 ulti.
805 3892 831 3931 ut
848 3881 949 3946 primum
966 3897 981 3929 a
997 3879 1121 3936 Ventidio,
1139 3882 1181 3946 qui

137 3954 200 4018 quod
219 3954 337 4012 liberius,
361 3954 436 4004 Lucio
457 3964 481 4004 et
505 3955 565 4019 Cajo
581 3957 632 4020 jam
683 3957 764 4006 clades
775 3956 853 4005 intulit
861 3955 963 4012 Parthis,
973 3970 1036 4003 nunc
1047 3954 1078 4001 ab
1086 3953 1180 4019 Augus

136 4028 240 4085 monuis,
255 4028 280 4077 in
291 4028 412 4078 cesam
426 4028 541 4077 familiam
557 4028 632 4093 edop-
683 4038 707 4078 ιο
720 4028 850 4077 vindictam
868 4035 970 4076 sumtum
987 4027 1083 4075 indicet.
1106 4038 1131 4076 et
1148 4029 1181 4077 its

136 4109 200 4150 tetus
214 4102 310 4152 demum
323 4101 380 4153 luit:
397 4111 425 4151 ut
439 4118 481 4168 per
496 4101 520 4150 id
532 4111 632 4168 tempus,
683 4110 746 4150 recte
757 4101 845 4158 subdit,
856 4101 919 4148 altor
929 4104 1015 4152 sdes„
1036 4100 1126 4149 Eunu.
