2896 4980
196 306 263 375 m
490 306 529 371 P.
555 303 718 372 OVIDII
743 304 955 372 NASONIS

199 482 250 557 Et
266 483 392 567 decor,
410 491 448 554 et
464 480 588 554 vultus
606 481 686 555 sine
704 482 912 555 rusticitate
929 482 1138 580 pudentes3

250 597 311 684 Et,
330 596 481 671 Thetidi
499 596 630 694 quales
647 598 711 670 vix
723 621 805 671 rear
822 622 919 684 esse,
939 597 1069 696 pedes.
1185 597 1226 669 60

200 714 338 789 Cetera
355 714 385 786 si
403 736 554 812 possem
573 713 739 799 laudare,
759 713 902 786 beatior
919 736 1065 787 essem:

249 829 330 903 Nec
348 828 492 913 dubit0,
511 839 631 902 totum
650 829 741 925 quin
760 829 831 902 sibi
849 853 918 927 par
934 829 985 902 sit
1001 851 1110 927 opus.

199 946 281 1021 Hac
300 971 371 1043 ego
389 946 619 1045 compulsus,
639 969 713 1020 non
731 956 790 1020 est
807 945 988 1031 mirabile,
1004 942 1134 1030 forma,

249 1062 290 1135 Si
308 1063 445 1160 pignus
462 1062 561 1134 volui
578 1062 680 1134 vocis
697 1062 837 1136 habere
854 1074 941 1135 tuae.

198 1178 385 1274 Denique,
404 1178 495 1250 dum
513 1187 662 1275 captam
680 1189 722 1251 tu
739 1189 777 1252 te
794 1201 929 1274 cogare
946 1176 1067 1262 fateri,
1185 1174 1226 1245 66

248 1293 400 1367 Insidiis
418 1304 500 1367 esto
518 1302 630 1391 capta
647 1295 774 1392 puella
791 1295 897 1367 meis,

197 1409 381 1484 Invidiam
399 1410 540 1508 patiar:
569 1433 682 1507 passo
699 1435 768 1483 sua
784 1410 938 1509 praemia
954 1410 1103 1483 dentur.

248 1527 328 1599 Cur
345 1551 435 1599 suus
453 1549 476 1598 a
493 1536 597 1599 tanto
615 1526 769 1599 crimine
788 1525 930 1601 sructus
949 1524 1083 1599 abest?

198 1640 391 1714 Hesionen
409 1640 602 1727 Telamon,
624 1640 797 1715 Briseida
814 1643 917 1741 cepit
933 1641 1122 1715 Achilles:

248 1755 421 1853 Utraque
438 1757 616 1830 victorem
634 1758 733 1831 victa
750 1771 882 1832 secuta
898 1782 1022 1831 suum.
1183 1754 1222 1824 70

198 1872 417 1958 Quamlibet
433 1897 602 1960 accuses,
621 1885 660 1947 et
677 1877 728 1948 sis
746 1876 840 1950 irata
857 1874 1007 1964 licebit;

248 1986 350 2062 Iratzi
369 1989 480 2062 liceat
497 1990 587 2061 dum
606 1991 695 2063 mihi
714 2016 825 2089 posse
843 1992 926 2065 frui.

199 2103 318 2190 Idem,
339 2103 404 2200 qui
423 2102 591 2191 facimus,
610 2105 747 2179 factam
765 2107 1006 2182 tenuabimus
1024 2105 1137 2178 iram:

249 2219 370 2318 Copia
386 2220 580 2317 placandae
599 2221 648 2295 sit
659 2224 771 2297 modo
789 2246 903 2322 parva
919 2223 987 2296 tui.

268 2462 374 2472 —·
397 2437 630 2501 Τῆνγυνᾱῖῐαγᾶρ
776 2441 818 2488 60.
838 2440 867 2487 Et
881 2439 970 2487 Thetidi
978 2437 1077 2502 quola]
1095 2430 1225 2500 Ἀργυρθπ·

229 2512 284 2570 Trlv
302 2508 405 2575 cooperi
423 2511 453 2559 od
480 2509 515 2559 δεῖ
535 2512 580 2569 τὰς
607 2511 695 2575 τρίχας
744 2515 792 2569 ζαν
800 2513 888 2562 Thetin
898 2529 927 2561 ex
941 2511 1038 2560 Homeri
1055 2502 1225 2575 Rbepaodirin·

260 2585 353 2643 Wlstc
362 2586 452 2634 mlv·
744 2588 805 2636 nuit.
833 2589 973 2636 Fannius.
1019 2584 1125 2634 Pertinet
1143 2580 1184 2629 lroc
1201 2575 1226 2626 d

197 2659 245 2708 Ubi
256 2671 370 2709 aetemum
382 2660 473 2709 Graecre
493 2659 693 2724 Po'cticesoppro·
744 2662 921 2711 Homericume
939 2661 1095 2724 itheton,quo
1107 2652 1227 2719 'lltetisdp-

196 2731 281 2790 brium,
295 2734 410 2790 Clericus,
425 2733 533 2782 mtilasse
550 2733 626 2781 crines
642 2748 693 2782 mu.
744 2728 867 2793 γυρόπεζα
879 2728 909 2776 ab
921 2679 1024 2775 Homero
1032 2724 1126 2780 dicitur,
1136 2720 1178 2771 lece
1191 2727 1228 2774 U·

197 2807 266 2856 lieres
280 2818 354 2865 notat,
365 2825 395 2857 ne
412 2808 468 2858 ruia:
479 2806 611 2856 videantur.
630 2808 694 2872 quod
744 2802 817 2866 perles
827 2812 950 2867 argenteos
958 2801 1059 2849 babens.
1068 2797 1132 2864 quod
1140 2796 1171 2845 nd
1179 2808 1229 2845 ω·

197 2882 290 2946 egregie
307 2883 392 2932 salsum
406 2882 516 2939 ostendit,
528 2884 568 2947 qui
586 2882 694 2947 exempla
744 2877 824 2924 dorem
843 2877 902 2925 Dea
918 2874 1028 2941 pertinet,
1046 2884 1187 2939 querutum
1199 2882 1230 2918 tr·

194 2955 263 3006 dabit
280 2956 352 3021 plena
362 2973 441 3013 manu,
451 2956 555 3005 Broukh.
566 2957 596 3005 ad
612 2956 693 3005 Tibul.
744 2961 815 3016 genta
825 2952 900 3000 Poeta
911 2959 1038 3015 comparat.
1070 2947 1167 2995 Mucrr..

197 3030 213 3077 i.
229 3031 298 3095 Eleg.
312 3032 344 3079 vi.
360 3033 385 3079 8.
403 3031 466 3095 quod
486 3047 540 3079 vero
556 3033 628 3080 etiam
647 3032 693 3081 Lu·
776 3028 816 3075 69.
835 3027 952 3074 Hesionam
972 3021 1102 3086 Telamon]
1126 3017 1232 3069 Hercul!

196 3105 275 3153 cretiae
296 3104 385 3152 tribuat
406 3106 492 3153 Noster
509 3105 534 3153 ii.
553 3107 615 3154 Fast.
637 3107 694 3155 763.
744 3117 797 3150 cum
816 3099 976 3149 Laomedonta
991 3095 1153 3152 interlecinct
1168 3092 1231 3143 Tele·

197 3178 265 3225 aliter
275 3178 352 3226 locum
365 3179 433 3227 illum
451 3195 502 3227 csse
517 3178 644 3243 legendum
661 3180 693 3228 ibi
744 3176 817 3231 moni,
840 3173 902 3238 quod
923 3170 1012 3238 primus
1032 3168 1105 3217 Ilium
1123 3168 1233 3221 inurat.

197 3250 339 3299 notabimus.
359 3261 383 3300 et
400 3253 433 3301 ita
449 3251 545 3301 delicati
562 3253 629 3317 pueri
649 3254 692 3302 lin·
743 3249 871 3297 Hesionam
878 3244 968 3312 praemii
979 3245 1031 3293 loco
1042 3242 1120 3292 dedit.
1143 3238 1233 3307 Apollo

197 3333 292 3386 guntur,
305 3334 332 3373 ut
348 3325 433 3374 Flavus
447 3326 589 3388 Ganymedes
608 3327 691 3376 Horat.
743 3322 814 3370 dorus
835 3322 878 3370 lib.
900 3320 926 3367 ii.
954 3319 1081 3382 Telendos
1106 3315 1233 3382 'Aponio

197 3397 230 3444 iv.
243 3397 292 3447 Od.
304 3400 329 3446 4.
347 3399 450 3448 descruit
467 3416 521 3447 vero
538 3416 581 3448 sua
593 3402 694 3451 eruditio
742 3395 863 3456 Ἡσιόνην
872 3396 922 3454 rrlv
936 3391 1104 3457 Aaouidomc
1120 3387 1233 3457 Ovyoss

197 3472 337 3537 Cruquium,
355 3474 396 3537 qui
415 3473 509 3521 Floram
528 3474 611 3522 Chloen
630 3477 692 3540 apud
744 3470 825 3519 didoni
846 3470 871 3525 ἐξ
891 3467 922 3529 ἧς
939 3468 1040 3531 ὕστερον
1060 3464 1178 3531 Τὼμῦν
1194 3463 1234 3514 'l'

197 3547 280 3596 Horat.
291 3547 326 3596 iii.
344 3547 392 3595 Od.
399 3549 424 3595 9.
434 3562 448 3594 a
457 3547 505 3594 bile
514 3548 574 3596 flava
581 3548 628 3597 dici
637 3565 692 3598 con·
744 3548 848 3611 Τεῦκρον
859 3545 944 3609 γεννᾰ.
977 3542 1048 3590 Cror.

197 3620 282 3670 tendit.
295 3621 399 3671 mentm
409 3631 434 3669 et
444 3621 694 3685 Pleroma-anor.
778 3620 885 3668 arrosa»
901 3615 1094 3680 casiatticus]
1111 3612 1233 3678 eumue

196 3696 222 3743 4.
246 3694 508 3744 Floaomtamenetiam
522 3696 695 3745 acolorecutis
744 3699 1016 3758 nessumexpugnassct.
1049 3690 1120 3738 Cror.

196 3769 255 3817 dicit
274 3770 359 3818 Noster
377 3769 403 3816 ii.
419 3767 502 3816 Amor.
520 3768 605 3817 teau.
623 3778 647 3818 et
664 3772 693 3820 ab
777 3768 817 3814 70·
840 3767 941 3828 Unaque
962 3767 1068 3813 rictorem
1088 3766 1150 3812 vicl·
1164 3767 1234 3811 W

195 3845 316 3893 oculorum
343 3843 419 3893 colore
443 3843 538 3890 Floram
560 3844 693 3894 Minervam
743 3843 830 3905 ultim]
860 3841 899 3889 Sic
921 3839 1057 3904 legendum,
1080 3853 1127 3887 non
1154 3838 1232 3884 viru-⁸

196 3916 255 3966 dicit
266 3919 353 3967 Noster
368 3918 385 3965 i.
400 3917 483 3965 Amor.
498 3917 514 3964 i.
528 3918 552 3965 7.
566 3929 590 3966 et
600 3917 692 3967 itan.
744 3916 852 3980 quumvis
871 3915 985 3963 Telamon
1012 3912 1134 3962 Hesionen
1159 3918 1231 3976 pom

197 3994 252 4041 659.
264 3994 304 4040 ubi
315 4001 395 4040 tamen
405 4009 461 4039 roro
473 3991 562 4040 mavult
574 3993 693 4041 Heinsius.
745 4005 839 4037 uxorem
850 3987 958 4045 duxerit;
976 3996 1000 4035 at
1012 4003 1060 4036 non
1070 3979 1230 4035 Achillen&

196 4066 238 4115 sed
256 4067 321 4116 etii.
343 4069 403 4116 Met.
427 4066 483 4114 ⁷49.
511 4065 582 4115 Flavo
600 4066 693 4116 dicitur.
743 4063 821 4112 scida.
856 4063 928 4111 Cios.

197 4142 283 4189 Bunm.
777 4140 816 4185 74.
836 4139 958 4185 l'lorcndrr
980 4136 1039 4198 tui.]
1058 4133 1169 4184 Meliore!
1182 4140 1230 4179 m
