2896 4980
197 364 262 431 112
488 362 525 425 P.
551 356 712 425 OVIDII
737 358 948 427 NASONIS

200 538 297 623 Una,
317 560 447 611 reeens
465 535 618 618 crimen,
638 532 832 631 praefertur
849 536 1018 611 adultera
1035 538 1166 627 nobis;

249 652 359 729 Unde
377 674 449 747 ego
466 673 549 723 sum
570 647 676 745 Lydo
694 647 794 722 sacta
810 674 970 725 noverca
987 650 1116 727 Lamo.

199 769 421 854 Maeandros,
440 768 551 841 toties
571 766 635 863 qui
653 766 761 839 terris
780 776 878 839 errat
896 767 932 839 in
949 769 1083 855 ladem,

246 885 319 971 Qui
337 887 455 961 lassas
473 886 570 959 inse
588 907 690 981 saepe
708 893 900 980 retorquet
918 908 1049 982 aquas,

196 1002 301 1076 Vidit
318 1002 354 1075 in
375 1000 565 1075 Herculeo
583 1022 768 1097 suspensa
786 999 938 1073 monilia
954 1002 1072 1090 collo;

247 1118 327 1204 Illo,
347 1118 408 1191 coi
427 1117 564 1191 coelum
583 1116 731 1189 sarcina
747 1139 862 1213 parva
879 1116 960 1191 suit.

196 1234 230 1307 N
234 1259 282 1309 on
300 1234 434 1333 puduit
452 1232 566 1306 sortes
585 1256 674 1305 auro
692 1232 869 1305 cohibere
886 1233 1058 1319 lacertos,

244 1350 295 1425 Et
312 1349 442 1424 solidis
460 1371 628 1445 gemmas
646 1347 868 1444 adposuisse
885 1349 988 1423 toris.
1191 1352 1239 1423 60

1193 774 1242 845 55

194 1559 245 1597 tum
255 1547 326 1596 etiam
338 1547 401 1611 quod
417 1546 552 1610 Stephanus
562 1544 694 1593 Tbeutran·
746 1545 813 1593 Asia.
831 1547 867 1593 lle
879 1557 924 1594 turs
932 1547 1049 1611 flesrrosus
1064 1555 1104 1601 est,
1114 1556 1143 1593 at
1159 1548 1185 1595 is
1200 1561 1244 1596 sees

194 1630 242 1671 tem
252 1620 348 1685 Thespii
359 1631 449 1686 patrem
461 1620 606 1683 faciasque
618 1618 692 1667 llere·
744 1630 859 1668 recurrat.
894 1621 941 1669 llio
954 1620 1039 1669 iterum
1054 1620 1114 1669 mire
1123 1618 1244 1669 rariamat

195 1700 284 1744 trustis
295 1698 361 1744 turbu
369 1696 423 1760 jure
433 1694 579 1759 'llrespiades
589 1693 694 1759 appella·
746 1710 829 1743 manus
839 1696 985 1745 librariorum
1002 1695 1027 1743 ia
1042 1695 1088 1744 boc
1103 1694 1157 1745 lum
1166 1694 1243 1761 expri-

195 1778 236 1818 ta.
255 1770 394 1818 Eossrrao.
430 1766 694 1816 Variabiccornminis·
746 1769 840 1817 arendo.
875 1768 900 1816 in
928 1769 1053 1824 latisana,
1085 1767 1242 1825 Iudaeum,

196 1854 281 1893 cuntur
299 1843 447 1909 interpreter.
471 1843 513 1891 sed
531 1858 611 1891 rerum
631 1842 696 1906 quod
746 1840 1243 1905 Barberinoetunoblestelieaoerstqsi

196 1917 311 1982 Egnatius
341 1926 394 1981 post
422 1916 564 1965 l'olitianum
597 1914 694 1972 nonsit,
745 1922 841 1967 &toties
857 1920 972 1967 concludit
988 1920 1105 1966 inorbesr.
1121 1915 1242 1983 lethgia,

198 1993 311 2040 Nostrum
317 1991 384 2055 sequi
391 1998 498 2040 auctores
506 1990 567 2043 illos,
575 1990 616 2053 qui
621 1988 694 2037 Tbes-
746 1996 809 2041 toties
817 1996 856 2056 qus*
865 2011 887 2042 re
896 1994 996 2041 includit
1007 1995 1033 2039 is
1042 1993 1124 2049 orben,
1131 2006 1185 2056 qao
1195 1990 1241 2040 lee-

196 2065 262 2129 pium
272 2063 321 2113 sive
331 2063 435 2129 Thespia
446 2064 535 2112 iaciunt
544 2063 695 2111 'l'beutrantis
745 2067 823 2115 tiones
840 2084 868 2116 ex
887 2066 1034 2115 librariorum
1049 2067 1146 2114 cerebro
1161 2078 1242 2131 prore·

196 2139 280 2196 lilium,
291 2137 419 2187 Pmdionis
436 2148 556 2204 nepotem.
574 2137 623 2186 rid.
635 2138 696 2186 Eus-
746 2141 796 2190 nire
814 2140 968 2207 nequierunt:
987 2139 1108 2189 occulunt
1124 2137 1188 2187 ειίι
1203 2152 1242 2187 se·

196 2214 258 2262 teth.
277 2213 308 2262 sd
326 2212 434 2277 libau.
455 2215 513 2262 498.
530 2222 553 2261 et
571 2213 654 2277 Stspb.
671 2213 696 2261 in
746 2214 906 2263 nustissimam
932 2214 1066 2271 lectionem,
1086 2220 1113 2261 et
1133 2226 1205 2277 qnam
1227 2224 1243 2259 s

198 2288 313 2337 θεσπεὶα.
328 2296 352 2336 et
369 2287 521 2336 Bernartium
536 2286 568 2335 ad
583 2286 651 2335 Statii
662 2285 697 2335 iii.
747 2290 822 2338 Poits
831 2289 974 2346 luxuriante,
985 2298 1013 2337 ut
1021 2287 1082 2337 solet
1097 2287 1123 2335 iu
1138 2286 1241 2351 ἠμυ-

195 2362 256 2410 Silr.
272 2360 291 2409 i.
310 2361 351 2426 qui
368 2359 402 2409 ibi
420 2360 527 2409 Domitio
542 2359 635 2408 miranti
652 2360 697 2408 boc
745 2363 833 2413 lectam
843 2371 935 2430 putem.
952 2360 1044 2429 erripuit
1054 2359 1179 2409 nimium:

196 2436 317 2501 epitheton
343 2435 468 2484 satistacit.
491 2433 541 2482 vid.
563 2443 588 2482 et
611 2434 696 2482 Senec.

197 2513 270 2560 llere.
287 2511 343 2559 Fur.
357 2511 413 2559 177.
432 2508 472 2557 ubi
484 2510 589 2558 Gronov.
604 2509 634 2557 de
653 2509 698 2557 boc

198 2586 307 2635 Herculis
334 2585 395 2633 virili
424 2582 496 2651 plane
526 2583 627 2633 facinore
658 2584 698 2633 vid

198 2663 310 2710 lllunlrar.
321 2660 351 2708 ad
359 2661 450 2726 Hygia.
462 2660 520 2707 Fab.
529 2659 595 2707 clrii.
607 2660 696 2708 Busae.

230 2737 271 2784 ⁶3.
291 2734 342 2781 Uau
361 2734 458 2797 reeens]
479 2734 534 2781 Non
550 2733 580 2782 de
596 2734 645 2783 lule
662 2733 699 2783 in-

198 2808 294 2873 telligit,
304 2809 345 2857 sed
355 2809 385 2856 de
397 2808 517 2873 Omphale
529 2806 646 2872 Lydorum
660 2826 699 2857 re·

199 2883 266 2947 gina:
288 2882 327 2930 cui
347 2883 463 2931 Hercules
479 2883 513 2929 ita
527 2882 626 2930 servisse
639 2883 699 2932 dici·

199 2967 245 3014 tur,
255 2968 281 3006 ut
295 2958 374 3004 omnia
385 2956 474 3005 laceret
483 2972 537 3020 quse
554 2956 699 3021 imperasset.

201 3031 236 3077 Ex
246 3030 290 3077 bac
298 3031 378 3092 genuit
387 3029 503 3077 llercules
510 3030 608 3077 Lamum
616 3031 699 3080 lilium.

235 3104 369 3167 Belenum]
386 3103 498 3167 Refertur
507 3103 576 3150 multi
588 3119 618 3151 ex
627 3105 699 3169 scrip-

201 3179 240 3225 tis.
261 3176 303 3224 sed
318 3177 441 3240 prusti-tur
451 3176 577 3240 legendum
588 3194 641 3225 cum
658 3196 700 3227 sex

202 3249 331 3298 codicibus.
363 3250 479 3297 Deianira
490 3249 520 3296 de
532 3250 582 3297 liile
593 3251 700 3300 similiter

202 3323 266 3388 apud
276 3324 390 3369 Senecam
402 3323 505 3370 llercule
516 3323 592 3370 (Etaeo
602 3326 659 3374 ³04.

234 3422 332 3433 ---
343 3396 415 3458 Copta
424 3400 521 3458 pratulo
531 3408 563 3444 est
573 3400 636 3455 mitt,

237 3471 290 3519 Nou
298 3470 443 3536 preferatur.
457 3498 552 3508 —-
578 3472 667 3523 Heras.

206 3546 334 3611 l'resertur
340 3544 412 3593 etism
422 3545 631 3597 Francolurtensis.

235 3624 276 3670 65.
295 3619 419 3677 Menander,
432 3624 495 3669 toties
508 3624 547 3684 qui
562 3626 700 3672 terrismat

202 3700 227 3744 iu
238 3695 331 3758 term]
352 3695 417 3757 llr'pis
428 3700 452 3744 is
461 3697 529 3745 isdem
540 3708 607 3746 vetus
617 3700 699 3748 editio.

203 3772 280 3820 Terris
298 3773 361 3818 toties
380 3775 419 3834 qui
440 3774 540 3821 soluitur
555 3774 623 3821 isdem
641 3791 701 3823 unns

203 3846 342 3896 Vaticanus.
375 3847 460 3895 Senec.
474 3847 649 3898 Phantasos.

236 3920 283 3968 Ner
294 3921 350 3967 letis
360 3923 435 3970 minus
447 3922 574 3970 Muorrdms
585 3926 645 3971 unde

235 3994 256 4040 F
256 3996 320 4043 lectis
329 4005 430 4043 errantes
439 4014 518 4059 uqrros.

200 4071 239 4118 Sic
249 4069 345 4135 Orpheo
362 4069 385 4117 in
398 4068 572 4135 Argonautica,
583 4068 639 4133 ῥοαὶ
652 4090 697 4121 πο-

200 4142 344 4201 tortuosae
363 4143 519 4211 Μαιάνδρου.
556 4144 640 4195 Vibius
655 4149 697 4196 Se-

201 4226 307 4281 questar:
350 4220 476 4268 lleuadms
511 4222 593 4277 l'arie‚
624 4228 698 4287 gentis

782 2438 918 2495 Maioma,
929 2440 992 2486 toties
1007 2438 1046 2500 ptri
1061 2452 1136 2484 secuse
1149 2435 1209 2483 lesu
1217 2434 1242 2483 is

844 2514 925 2568 orbem,

783 2585 830 2638 Qut
841 2586 909 2633 lunas
919 2588 944 2631 ia
955 2600 977 2631 se
986 2598 1041 2645 seps
1047 2590 1159 2647 esuque
1168 2596 1242 2647 spuet.

750 2659 765 2706 1
765 2662 840 2707 ,alm
850 2659 909 2707 dicit
919 2662 943 2707 in
955 2659 1028 2705 orders
1038 2655 1195 2713 Maeandrum,
1201 2654 1240 2705 td·

749 2733 834 2782 ludens
850 2732 881 2781 ad
897 2734 1020 2788 saltantes,
1031 2730 1071 2796 qui
1088 2730 1184 2780 eborum
1199 2728 1241 2779 da-

749 2816 815 2864 cunt‚
827 2807 886 2856 etin
896 2823 980 2873 gyrum
997 2803 1093 2853 ludunt.
1109 2812 1137 2855 ut
1145 2804 1176 2854 de
1186 2802 1240 2855 Del·

750 2880 862 2947 pbinibus
872 2881 909 2930 iii.
922 2883 984 2929 Met.
995 2880 1054 2927 686.

784 2954 856 3018 laque
867 2958 929 3003 chori
940 2957 1023 3002 ludunt
1034 2954 1135 3014 specim·

751 3031 781 3077 Et
792 3030 822 3077 de
834 3030 917 3078 fluvio
927 3026 1051 3077 Petronius
1060 3042 1114 3092 cap.
1124 3024 1203 3075 cxxxi.

784 3104 834 3152 llus
852 3107 913 3152 iuter
932 3104 1023 3151 ludebat
1038 3102 1103 3163 aqua
1119 3098 1241 3149 mm

751 3251 799 3300 Ubi
811 3253 880 3318 plura
890 3248 1033 3299 notavimus.
1050 3254 1075 3295 et
1090 3243 1142 3293 bne
1158 3238 1240 3307 igit

750 3325 813 3373 catio
824 3329 868 3375 τοῦ
880 3328 957 3373 ludere
967 3331 1003 3371 est
1012 3321 1069 3369 satis
1076 3316 1161 3378 absin
1175 3324 1200 3365 et
1207 3314 1240 3363 lu-

750 3414 793 3447 cus
803 3399 830 3448 ii.
842 3401 904 3447 Met.
915 3398 974 3445 246.
985 3396 1016 3444 ab
1023 3392 1120 3442 Heinsio
1130 3388 1241 3439 adduct!

750 3474 845 3539 egregie
854 3474 971 3523 sdlirmat.
978 3471 1017 3519 cui
1024 3464 1241 3519 adlevatum.

754 3551 809 3598 162.
820 3560 845 3597 et
855 3565 909 3614 qum
925 3547 959 3595 ibi
969 3543 1082 3594 Heinsius
1090 3546 1165 3591 nont·
1176 3550 1240 3587 nent

751 3624 837 3671 melius
847 3623 910 3672 bunc
927 3636 1007 3670 secum
1025 3613 1128 3667 ludentis
1142 3622 1167 3663 et
1178 3608 1241 3679 (μ’

751 3698 848 3745 chorum
864 3695 974 3745 ducentis
991 3688 1109 3741 Maeandri
1122 3684 1241 3751 imagin

750 3770 866 3837 expressit
876 3770 966 3819 Seneca
978 3768 1049 3815 Herc.
1061 3764 1117 3813 nu.
1127 3761 1183 3811 Μ.

882 3844 965 3898 Qualis
975 3844 1063 3888 ineerta
1072 3850 1146 3903 vegs!

785 3921 904 3968 Maeander
911 3919 976 3965 uades
987 3916 1054 3970 ludit,
1065 3922 1088 3960 et
1096 3911 1156 3959 eadit
1164 3906 1203 3956 iu

783 3995 908 4057 lrratutpue,
929 3993 1012 4040 dabas
1033 3990 1088 4036 litus
1111 4002 1143 4033 ιι
1154 3980 1240 4049 suff

752 4078 934 4191 lardeiiiiitiiros
944 4140 969 4187 in
981 4137 1052 4186 MSS.
1063 4142 1099 4183 est
1111 4128 1175 4199 {pud
1183 4124 1239 4177 HC·

750 4229 812 4266 trum
823 4215 925 4265 llcmed.
942 4214 996 4262 177.
1017 4212 1105 4259 Busan.
