2896 4980
417 344 561 415 altars
584 344 854 414 ΔΙΔΤΟΜΕ
877 346 969 414 mn.
994 350 1022 415 1.
1186 351 1253 416 437

203 516 296 592 Tum
314 519 362 594 de
380 532 418 594 te
436 531 576 595 narret:
605 529 686 594 tum
704 521 970 619 persuadentia
986 522 1101 598 verba

248 635 394 724 Addat;
422 647 462 712 et
478 637 610 711 insano
622 639 726 734 juret
742 660 870 712 amore
886 638 994 712 mori.

203 751 278 827 Sed
294 776 466 853 propera,
484 778 533 829 ne
549 755 634 828 vela
649 755 800 841 cadant,
819 777 999 852 auraeque
1015 753 1194 828 residant.
1231 746 1236 756 ’

250 867 304 943 Ut
320 868 462 966 fragilis
480 869 633 967 glacies,
653 868 782 943 interit
798 869 854 943 ira
869 870 986 942 mori.

201 981 358 1072 eraeris,
376 1008 425 1060 an
442 986 540 1059 banc
556 986 678 1084 ipsam
697 985 817 1085 prosit
832 986 963 1060 vitiare
981 985 1213 1060 ministram?

248 1099 404 1174 Talibus
420 1100 596 1174 admissis
612 1101 697 1174 alea
713 1099 865 1197 grandis
883 1101 994 1176 ineat.
1172 1104 1248 1173 376

202 1213 294 1290 Haee
312 1240 336 1290 a
351 1217 553 1292 concubitu
570 1215 614 1290 fit
630 1216 778 1305 sedula3
807 1216 948 1290 tardior
964 1217 1044 1292 illa:

250 1329 344 1407 Haec
362 1333 522 1407 dominae
540 1355 678 1405 munus
695 1342 734 1406 te
752 1342 871 1430 parat,
891 1331 955 1405 illa
972 1332 1057 1406 sibi.

202 1446 323 1522 Casus
340 1449 379 1522 in
395 1457 532 1524 eventu
550 1458 621 1522 est.
639 1447 730 1522 licet
746 1448 827 1520 haec
845 1447 1039 1544 indulgeat
1056 1445 1175 1532 ausis;

249 1563 459 1638 Consilium
476 1575 603 1640 tamen
619 1574 680 1638 est
696 1562 924 1638 abstinuisse
942 1586 1080 1636 meum.
1172 1562 1250 1632 380

204 1677 288 1753 Non
306 1703 378 1777 ego
394 1702 643 1780 perpraeceps
661 1688 701 1752 et
718 1689 830 1752 acuta
845 1678 1044 1751 cacumina
1058 1675 1212 1750 vadam:

249 1794 287 1867 N
289 1818 333 1869 ec
347 1797 528 1893 juvenum
544 1796 759 1894 quisquam,
778 1817 839 1867 rne
856 1793 967 1880 duce,
981 1803 1121 1892 captus
1138 1788 1220 1865 erit.

204 1909 244 1984 Si
261 1921 388 1986 tamen
405 1910 470 1985 illa
485 1910 568 1997 tibi,
586 1909 678 1984 dum
694 1910 773 1996 dat,
793 1908 1002 2008 recipitque
1019 1908 1193 1993 tabellas,

251 2027 430 2126 Corpore,
449 2051 524 2101 non
541 2038 688 2102 tautum
706 2024 918 2111 sedulitate,
938 2025 1081 2123 placct;

203 2140 276 2216 Fac
293 2143 447 2217 domini
455 2143 607 2242 potiare
624 2142 746 2241 priua
774 2163 902 2214 comes
920 2140 985 2214 illa
1001 2149 1194 2238 sequatur.

250 2257 337 2331 Non
354 2258 423 2332 tibi
439 2260 489 2333 ab
507 2258 644 2333 ancilla
661 2270 721 2332 est
738 2255 953 2355 incipienda
968 2256 1111 2330 Venus.
1173 2257 1247 2324 336

203 2369 285 2447 Hoc
304 2397 419 2447 unum
436 2398 572 2449 moneo
589 2375 639 2469 (si
657 2375 750 2472 quid
768 2374 880 2447 modo
898 2373 1064 2446 creditur
1081 2372 1169 2456 arti;
1359 2359 1361 2364 ’

251 2487 333 2563 Nec
352 2513 437 2571 mea
452 2490 557 2565 dicta
572 2514 689 2591 rapax
708 2514 775 2589 per
792 2512 894 2563 mare
911 2499 1045 2582 ventus
1061 2485 1172 2582 agit.)

202 2602 278 2679 Aut
293 2627 368 2678 non
385 2604 556 2692 tentiris,
575 2617 641 2681 aut
656 2605 808 2706 perfice.
828 2603 970 2678 tollitur
986 2601 1120 2688 index3

251 2718 349 2792 Cum
367 2720 484 2796 semel
502 2720 541 2793 in
558 2731 703 2819 partem
719 2719 886 2794 criminis
900 2719 985 2815 ipsa
1002 2716 1116 2790 venit.
1172 2719 1247 2789 390

200 2915 293 2967 residat
320 2918 462 2969 Mrcrccus.
491 2920 584 2969 Poterat
594 2923 640 2984 ipat
649 2919 698 2970 Re·
748 2921 868 2985 indulgeat
877 2917 960 2983 amic]
996 2916 1107 2981 Expone:
1126 2914 1193 2966 Licet
1209 2915 1248 2964 bic

199 2987 259 3054 gina.
275 2990 344 3049 abne.
354 3000 443 3054 potem
457 2995 513 3055 ipre.
529 2990 589 3041 nibil
605 2991 700 3043 videtur
748 2999 855 3049 eventus,
873 2991 1015 3047 decessus,
1030 2988 1077 3040 boc
1092 2996 1129 3038 est
1144 2989 1246 3045 fortuna,

199 3063 348 3114 mutandum.
381 3064 437 3114 Non
447 3064 534 3132 poteris
544 3065 664 3116 vicemilli
674 3067 699 3118 in
748 3066 873 3132 indulgeat
884 3065 957 3116 ausis.
988 3065 1086 3114 Macra.

199 3135 406 3188 amandoreierre.
440 3137 530 3189 Harae.
781 3143 838 3192 339.
853 3139 954 3188 Tullinus
970 3141 1046 3196 tuder,
1065 3137 1124 3187 Cam
1140 3139 1205 3187 muel
1221 3142 1247 3186 iu

203 3220 205 3224 '
231 3207 287 3260 373.
303 3211 347 3261 Sed
362 3228 468 3276 propero,
487 3229 517 3262 ne
538 3215 587 3262 sela
605 3215 699 3272 cadum,
747 3226 836 3279 mm
847 3214 1001 3264 comnotus
1011 3213 1097 3276 mic]
1129 3211 1249 3262 Nonnu-

198 3285 279 3348 ἕνην
300 3287 424 3350 residunt]
457 3286 487 3336 ln
511 3286 700 3339 commelinianae
748 3300 800 3340 trun
810 3289 840 3339 de
851 3286 947 3345 indicio,
958 3285 1021 3353 qnod
1031 3287 1063 3337 ad
1073 3285 1194 3338 dominam
1204 3285 1248 3335 de·

198 3367 249 3408 erat
258 3359 344 3425 glana
354 3363 393 3411 ted
401 3378 506 3426 propera.
519 3361 545 3411 id
555 3371 600 3421 eat,
610 3364 699 3412 vindie-
749 3363 804 3416 ferri
818 3370 903 3429 potest,
918 3361 1097 3428 accipiendum:
1115 3360 1159 3410 sed
1174 3360 1251 3426 magis

198 3440 245 3482 tm
259 3449 320 3482 sune
334 3436 462 3498 dapsilior:
480 3444 507 3486 ut
516 3437 589 3485 ruba
598 3434 646 3485 rint
657 3452 699 3486 an·
749 3438 780 3489 de
791 3452 828 3494 ao,
839 3434 903 3503 quod
919 3435 951 3485 ad
965 3436 1051 3494 virum,
1065 3436 1114 3487 sive
1131 3435 1250 3486 meritrrm

199 3505 260 3556 cille
271 3507 303 3557 ad
310 3508 440 3558 dominam.
449 3509 514 3559 etita
522 3525 577 3559 cum
587 3509 700 3573 Micyllo,
749 3511 818 3579 qnasi
828 3511 928 3567 diceret,
937 3525 1060 3577 nunqnam
1066 3509 1108 3559 illa
1115 3509 1146 3559 de
1153 3509 1251 3559 domina

198 3579 364 3647 resumentem
374 3581 429 3638 erit,
441 3581 525 3632 ulcisci
538 3580 640 3632 amantia
657 3598 699 3631 ve·
749 3583 865 3635 indicabit
879 3583 972 3640 marito,
982 3591 1107 3649 postquam
1123 3582 1175 3649 ipsa
1191 3598 1250 3647 quo·

198 3652 254 3703 teris
269 3653 403 3720 perfidiam,
419 3655 461 3720 qni
481 3655 601 3721 pellicem,
618 3652 644 3702 id
664 3663 701 3704 eet
750 3657 830 3724 quein
841 3655 925 3706 eadem
936 3656 1008 3723 culpa
1018 3656 1070 3712 erit,
1079 3656 1136 3705 etin
1147 3656 1248 3705 meista·

197 3725 701 3796 alienamicamproiert.malotamenad
751 3739 798 3779 tem
809 3729 997 3782 criminiavcnit.
1016 3730 1160 3778 Mrcrcnur.
1195 3728 1249 3777 Pu-

197 3799 296 3851 Potum
311 3803 406 3859 referre,
417 3803 458 3868 qai
474 3811 555 3853 monet
570 3817 698 3870 properan-
750 3806 888 3856 litarr'ma
899 3802 1058 3869 Francol.pro
1069 3800 1251 3852 varialectione.

197 3871 253 3924 dnm
270 3891 332 3935 cese,
349 3876 407 3929 dum
423 3877 513 3943 puella,
529 3877 588 3926 lesa
602 3874 699 3942 pellice,
748 3893 793 3948 ego
802 3887 860 3945 puto
870 3892 966 3927 mnsam
976 3891 1037 3932 esre,
1049 3876 1069 3924 ei
1083 3873 1137 3939 quis
1153 3876 1250 3925 tentam

198 3946 256 3999 iram
267 3949 402 4016 conceperit
412 3959 494 4000 conca
511 3958 699 4016 amantemque
749 3952 819 4004 modo
836 3948 956 4008 ancillam,
973 3966 1020 4000 aon
1037 3947 1169 4015 perfecerit,
1180 3949 1249 3999 illum

196 4027 301 4088 tempore
324 4032 382 4088 apte
403 4024 457 4091 capi
480 4025 533 4090 ejus
558 4039 626 4074 mens
653 4033 698 4074 est.
748 4027 847 4094 perdere
864 4024 986 4082 ancillam,
1003 4039 1056 4089 quea
1073 4022 1144 4072 index
1162 4032 1207 4081 est,
1225 4032 1250 4073 et

199 4094 288 4146 Birra.
749 4099 829 4148 omnia
839 4098 904 4147 dicta
914 4095 1123 4147 etiactadomina
1139 4097 1251 4151 amatoria

229 4171 286 4221 373.
300 4172 373 4220 &aas
390 4175 414 4220 in
432 4182 513 4223 meatu
530 4183 571 4230 est,
591 4175 645 4223 lieet
663 4176 699 4222 ln‘c
749 4172 829 4230 refert,
840 4183 867 4221 ut
877 4186 932 4220 mor
943 4171 1010 4220 dicit.
1043 4171 1131 4220 Burri.

816 4253 890 4302 ΗΜ
