2896 4980
421 310 563 378 ARTIS
585 308 854 376 AMATORIAE
877 308 969 375 LIB.
992 309 1022 374 1.
1175 307 1241 375 488

198 483 365 571 Scilicet,
384 493 427 558 ut
442 484 563 582 pudor
580 494 639 558 est
656 483 846 581 quondam
862 482 1023 580 coepisse
1041 482 1215 581 priorem,

247 600 312 673 Sic
330 598 401 675 alio
419 607 643 695 gratumest
660 598 861 697 incipiente
878 596 968 695 pati.
987 633 989 636 >
1165 600 1245 670 706·

196 715 257 788 Ab
275 715 388 788 nimia
405 724 464 788 est
476 714 604 810 juveni
622 713 781 812 proprie
799 712 937 786 fiducia
952 711 1093 798 lormoe,
1228 714 1236 725 '

246 829 456 928 Exspectat
472 829 505 902 si
522 828 620 926 quis,
639 828 730 901 dum
747 829 848 927 prior
865 828 929 903 illa
945 828 1068 924 rogetl

194 943 262 1018 Vir
278 944 379 1043 prior
395 943 569 1019 accedatr
597 943 654 1015 vir
669 944 784 1017 verba
801 943 993 1041 precantia
1009 943 1123 1017 dicat.

245 1059 423 1157 Excipiet
439 1058 597 1135 blandas
615 1057 772 1131 comiter
788 1058 852 1131 illa
869 1081 1012 1156 preces.
1165 1060 1240 1130 710

197 1174 423 1274 Ut‘potiare,
442 1198 551 1271 roga:
579 1183 726 1247 tantum
743 1174 849 1272 cupit
865 1174 930 1247 illa
945 1173 1079 1270 rogari.

246 1289 308 1366 Da
323 1314 497 1366 caussam
514 1290 591 1363 voti
608 1289 910 1388 principiumque
927 1290 994 1363 tui.

195 1403 371 1503 Juppiter
388 1405 435 1479 ad
452 1414 598 1479 veteres
616 1405 779 1503 supplex
798 1403 986 1479 Heroides
1004 1404 1100 1479 ibat:

247 1521 440 1620 Corripuit
455 1544 634 1616 magnum
651 1512 754 1595 nulla
770 1521 897 1620 puella
912 1520 1058 1594 Jovem.

199 1637 240 1715 si
258 1645 385 1711 tamen
403 1660 427 1709 a
442 1635 617 1735 precibus
635 1636 798 1711 tumidos
816 1636 997 1711 accedere
1014 1636 1128 1710 flatus
1166 1637 1240 1707 715

240 1751 447 1827 Senserisl
474 1751 624 1849 incepto
642 1775 766 1849 parce,
785 1751 957 1849 referque
975 1752 1125 1850 pedem.

198 1869 310 1956 Quod
328 1866 476 1965 refugit,
495 1869 623 1943 multae
641 1869 815 1966 cupiunt:
844 1869 968 1954 odere,
986 1867 1089 1965 quod
1103 1866 1230 1939 instat.

249 1982 385 2056 Lenius
404 1984 577 2060 instando
595 1984 708 2057 toedia
725 1984 813 2058 tolle
830 1985 898 2058 tui.

201 2096 283 2171 Nec
302 2123 450 2198 semper
466 2098 624 2173 Veneris
643 2125 731 2198 spes
749 2110 809 2174 est
824 2098 1034 2200 profitenda
1051 2098 1214 2193 roganti:

252 2211 373 2288 Intret
383 2214 562 2291 amicitiae
577 2215 726 2289 nomine
744 2227 867 2288 tectus
885 2238 1001 2288 amor.
1171 2217 1245 2286 720

201 2322 286 2402 Hoc
303 2329 408 2404 aditu
425 2330 501 2404 vidi
518 2331 663 2404 tetricae
678 2332 768 2406 data
784 2332 898 2405 verba
915 2329 1049 2428 puellae
1059 2356 1073 2419 εἴ

249 2443 324 2529 Qui
341 2445 462 2521 fuerat
478 2448 611 2535 cultor,
630 2448 751 2522 sactus
769 2457 914 2521 amator
931 2455 1022 2518 erat.

202 2558 395 2636 Candidus
412 2562 450 2635 in
468 2565 583 2637 nauta
604 2564 724 2661 turpis
741 2562 859 2635 color:
888 2558 1049 2656 aequoris
1069 2557 1169 2630 unda

251 2674 376 2750 Debet
393 2686 432 2750 et
448 2700 472 2750 a
488 2677 601 2750 radiis
620 2677 752 2751 sideris
771 2700 854 2749 esse
872 2675 989 2770 niger.

121 2867 126 2883 ,
201 2787 336 2887 Turpis
355 2803 394 2864 et
411 2792 597 2887 agricola,
617 2793 683 2890 qui
700 2815 849 2866 vomere
867 2814 1017 2888 semper
1034 2788 1192 2872 adunco,
1227 2789 1230 2792 ’

249 2902 301 2977 Et
317 2906 492 3001 gravibus
511 2908 639 2982 rastris
657 2909 728 2981 sub
742 2907 836 2981 Jove
845 2916 969 2979 versat
987 2906 1155 2976 humum.
1171 2908 1243 2976 726

201 3017 251 3092 Et
268 3019 348 3106 tibi,
369 3021 551 3094 Palladiae
570 3024 710 3120 petitur
726 3023 787 3095 cui
805 3023 932 3120 palma
949 3044 1107 3103 coronae,

250 3133 424 3211 Candida
440 3137 471 3210 si
490 3137 626 3217 suerint
643 3162 816 3237 corpora;
845 3137 965 3234 turpis
983 3137 1070 3209 eris.

232 3376 288 3424 722.
308 3378 444 3442 Quifaeror
455 3380 698 3444 cultornsocturamo-
750 3389 787 3428 tus
803 3388 854 3427 erat
870 3387 969 3427 amator.
987 3375 1045 3441 quid
1063 3377 1138 3425 cultor
1148 3384 1173 3424 et
1184 3384 1251 3434 amru,

199 3459 234 3497 tor
250 3452 324 3514 erat]
345 3452 374 3499 ln
391 3451 534 3516 quibusdam
552 3451 698 3517 codd.·legi-
750 3465 784 3502 ror
800 3453 911 3502 differant
928 3450 998 3500 docui
1019 3450 1050 3498 ad
1069 3449 1173 3499 Petronii
1191 3465 1246 3513 cap.

199 3531 244 3580 tur,
256 3525 302 3579 Qui
305 3526 390 3590 ficerat
401 3529 478 3575 craltor
488 3529 569 3574 nicaea
603 3527 699 3590 Exque
749 3527 838 3579 cxxvii.
872 3527 951 3576 Cicer.
961 3525 995 3574 ix.
1011 3524 1122 3573 adFam.
1136 3525 1175 3570 16.
1209 3525 1247 3571 Sic

198 3598 369 3650 eruditimimur
376 3600 589 3666 Roueriusoptime
600 3602 698 3658 lecerat,
749 3603 818 3658 color,
828 3605 861 3651 ric
870 3605 971 3650 observor
981 3602 1009 3648 ab
1018 3601 1119 3647 omnibus
1129 3599 1171 3653 tis,
1182 3599 1222 3658 qa'i
1232 3615 1246 3644 a

232 3672 363 3737 euiscerat
370 3677 445 3723 cultor
453 3677 538 3729 dictu,
547 3686 635 3724 ametor
640 3685 698 3725 orob
751 3676 838 3729 Cartare
847 3678 992 3740 diliguntur,
1004 3685 1032 3722 ut
1041 3675 1070 3720 ol>
1080 3674 1115 3721 hir
1131 3687 1165 3718 mr
1174 3672 1248 3718 umori

492 3747 563 3797 Dru.
573 3750 665 3800 Heme.
748 3760 836 3814 putem.
871 3751 959 3799 Eunu.

200 3818 273 3866 Puto:
548 3868 552 3874 ,
782 3824 839 3872 727.
859 3823 890 3871 Er
902 3833 928 3870 ιιι
940 3817 1075 3882 Palladia]
1097 3818 1128 3865 Ει
1146 3827 1187 3865 rna
1197 3817 1247 3866 Re-

233 3893 278 3947 Qui
285 3895 534 3959 faerotcultorfictus,
542 3910 631 3947 amtor
638 3909 697 3948 erat.
748 3898 809 3963 gius,
820 3894 971 3949 Oromenus,
980 3891 1058 3942 Jureti
1068 3890 1154 3947 codex,
1167 3899 1191 3939 et
1201 3897 1249 3940 tter

574 3973 666 4022 Ilerxr.
749 3971 797 4020 alii.
819 3971 888 4025 bene,
908 3977 935 4016 ut
953 3967 985 4016 ad
1006 3965 1106 4028 Comere
1124 3965 1249 4014 reseratur.

200 4040 250 4103 Ego
269 4041 328 4090 nibil
346 4052 421 4092 muto.
441 4058 510 4091 verus
526 4045 591 4096 enirn
611 4046 697 4102 cultor,
747 4046 824 4106 palmo
840 4059 925 4092 eorm
935 4056 977 4107 pro
979 4039 1049 4106 samu
1066 4047 1168 4105 quatuor
1183 4038 1248 4087 libri.

199 4128 246 4161 non
257 4114 428 4176 fictusluera25
444 4115 487 4164 red
500 4114 531 4164 de
549 4120 639 4170 cultore
650 4119 699 4168 lac·
749 4115 901 4167 mmmm.
935 4114 1027 4166 Ηιιιιι.

830 4194 889 4244 lia
