2896 4980
467 351 820 421 senuissent».
843 330 893 421 ιι.
1008 350 1012 359 ’
1160 359 1204 425 in
1282 362 1285 369 ·

162 521 289 621 Atque
307 523 463 623 aliquis;
484 525 626 601 Doctus
640 528 720 625 jam
737 550 836 602 nunc
854 534 927 614 est,
938 526 1071 627 inquit,
1082 528 1201 607 Athe·

210 637 431 715 Armiferam
448 640 631 730 Thracen,
650 642 715 740 qui
732 651 848 739 regat,
867 643 961 717 alter
977 645 1058 719 erit.
1096 646 1198 742 [nem

88 788 117 825 f:
162 752 298 830 Exitus
316 768 401 832 acts
416 759 561 857 probat.
589 769 715 833 careat
731 758 966 833 successibus
984 770 1086 858 opto,
1150 764 1199 836 86

212 868 392 970 Quisquis
410 875 458 946 ab
476 883 611 948 eventu
629 873 729 947 secte
745 874 907 948 notanda
923 885 1042 973 putet.

160 982 212 1057 At
229 985 260 1058 si
277 997 403 1061 nostra
418 999 483 1063 tuo
501 1000 741 1088 spumescant
758 1014 910 1088 aequora
925 1011 1044 1078 remu,
1155 1004 1159 1012 ’

210 1099 234 1174 J
237 1127 296 1177 am
314 1105 446 1193 mibi,
431 1130 512 1202 Jam
529 1106 632 1180 dicar
648 1106 880 1180 consuluisse
897 1106 1003 1180 meis.

163 1216 240 1291 Sed
258 1243 379 1317 neque
397 1220 587 1295 consului:
608 1244 677 1295 nec
695 1231 734 1295 te
750 1244 836 1295 mea
852 1221 955 1317 regis
970 1229 1111 1344 tanget,

213 1331 373 1409 Fessave
393 1322 563 1411 Bistonia
574 1338 742 1413 membra
758 1337 909 1411 lavnbis'
917 1317 1027 1435 aquei
1152 1340 1201 1410 90

161 1531 193 1579 Et
202 1530 261 1581 ibid.
703 1534 752 1585 Ubi
763 1543 827 1584 certe
837 1535 888 1585 dies
903 1545 957 1585 ente
971 1535 1043 1585 linem
1058 1534 1145 1584 mensis
1162 1550 1198 1584 se·

192 1604 376 1655 -Connubio
386 1618 462 1656 noers
702 1607 795 1657 cundus
809 1616 834 1657 et
849 1619 929 1658 sextris
939 1608 1026 1659 debent
1039 1607 1148 1674 intelligi,
1158 1608 1201 1658 sed

193 1679 311 1743 Reppulit,
332 1697 360 1728 oc
383 1683 608 1732 dominum'AEneon
628 1687 654 1733 in
703 1680 791 1730 inillis
809 1681 901 1731 diverse
918 1682 990 1743 rotio;
1006 1681 1048 1731 ubi
1063 1682 1127 1731 enim
1144 1680 1202 1731 lioe't

224 1758 397 1818 regrmrocepit.
704 1755 916 1807 numerarevelsb
931 1756 981 1822 ipso
991 1756 1029 1806 die
1046 1755 1203 1812 adfinemet

193 1829 234 1877 86.
253 1827 334 1877 Exitus
343 1839 395 1878 octa
408 1830 510 1893 probat]
527 1831 582 1880 Non
592 1841 655 1881 recte
705 1828 759 1878 hinc
770 1829 814 1879 erit
821 1829 872 1878 dies
881 1838 969 1886 sextus,
978 1829 1139 1879 velsecundns
1146 1837 1202 1878 ente

159 1900 249 1966 cepisse
265 1902 316 1950 hrec
332 1904 404 1952 verbs
417 1902 475 1951 mihi
491 1902 599 1953 videntur
613 1905 656 1954 viri
704 1902 776 1952 fiuern
791 1903 885 1961 mensis,
897 1904 934 1954 vel
952 1905 1069 1954 celmrlurn
1085 1903 1170 1953 ducere
1186 1918 1202 1951 s

160 1973 254 2023 eruditi.
270 1974 347 2041 priore
362 1977 441 2033 verba,
452 1980 524 2026 oritus
538 1987 591 2026 aeto
603 1994 655 2039 pro·
705 1974 848 2041 finemensis
860 1977 963 2026 addicor
974 1977 1049 2036 illum,
1061 1977 1102 2043 qui
1111 1986 1168 2027 tuno
1185 1991 1201 2027 s

161 2049 223 2105 bost,
244 2059 299 2098 sunt
318 2049 444 2107 lhrncum,
465 2051 505 2115 qui
525 2050 657 2102 illudebant
705 2049 750 2098 hue
768 2049 813 2098 erit
829 2050 954 2108 secundus,
968 2059 995 2100 ut
1011 2051 1045 2100 its
1061 2054 1160 2113 ρηίιιιιιιι
1176 2059 1201 2100 et

161 2122 261 2171 credulae
277 2121 347 2171 nimis
361 2123 475 2188 Phyllidi,
492 2134 516 2173 et
532 2126 656 2190 exprobro·
704 2124 811 2171 ultimum
818 2122 909 2172 diverso
915 2123 1199 2189 respectudicimuseum·

161 2196 219 2244 bsot
235 2197 280 2262 ipsi
297 2196 443 2254 fscssimtem,
461 2213 550 2262 quase
571 2198 656 2264 hospiti
705 2196 768 2245 dem.
777 2196 818 2246 sed
830 2196 880 2245 brec
894 2196 987 2261 lougius
1002 2198 1098 2247 abeunt.
1114 2197 1200 2248 Noton

161 2268 359 2324 trediderst.cum
369 2287 398 2319 ex
409 2279 495 2320 eventu
505 2270 657 2322 nuncrident
705 2286 759 2320 vero
776 2287 826 2320 esse
844 2286 949 2336 urguere,
966 2271 1143 2337 reprehendere,
1160 2272 1200 2321 vix

161 2343 283 2406 perfidiam
316 2344 509 2410 Demophoontis.
534 2345 657 2411 respondet
705 2358 764 2410 opus
778 2356 814 2395 est
828 2354 855 2394 ut
867 2344 1002 2411 probemus,
1017 2361 1072 2394 curn
1086 2345 1201 2394 Censores

161 2414 211 2474 ills,
223 2434 308 2468 vovens
319 2419 465 2469 successibus
479 2436 559 2470 omnes
569 2435 656 2478 euers,
705 2415 739 2466 ita
749 2429 833 2467 notorie
843 2419 929 2484 passim
939 2428 1029 2468 constet
1039 2419 1169 2467 Senatum
1176 2435 1200 2468 v·

162 2490 203 2555 qui
218 2490 252 2541 itu
269 2501 492 2558 argumentaremur,
509 2504 533 2543 et
547 2502 657 2559 putarent
705 2491 808 2542 Gronov.
821 2493 852 2541 sd
866 2491 998 2542 [innui.
1012 2493 1052 2542 26.
1061 2491 1103 2541 sed
1117 2491 1200 2541 eodem

161 2563 215 2613 ideo
225 2565 360 2616 dnmnsnds
369 2575 394 2615 et
404 2565 507 2617 munde
520 2582 572 2616 esse
585 2567 656 2625 facts,
705 2566 782 2623 ruodo,
790 2577 816 2616 ut
826 2565 938 2632 hiesucto
948 2575 1034 2624 notors,
1040 2565 1126 2615 Noster
1135 2564 1200 2615 locu·

162 2639 218 2702 quis
229 2640 291 2689 mule
305 2649 330 2690 et
339 2649 422 2707 prietes
432 2639 564 2707 opinionem
573 2639 653 2689 eueni·
702 2646 791 2696 tusest,
796 2639 880 2705 Epis.
886 2640 926 2688 20.
934 2639 959 2687 Si
966 2654 1008 2704 per
1013 2637 1119 2689 librarios
1128 2637 1199 2700 lieet3

161 2722 221 2762 rent.
237 2713 348 2764 Burthius
357 2713 400 2764 lib.
415 2731 470 2763 ssu.
483 2714 574 2764 advers.
587 2717 611 2763 6.
625 2715 654 2762 oh
735 2711 761 2760 Si
770 2713 860 2761 mocula
870 2714 943 2774 stupri
945 2710 1017 2777 facto
1022 2715 1100 2774 priora
1109 2721 1183 2761 sutus.

161 2795 242 2834 mutu
260 2787 364 2853 explicet
381 2796 436 2837 oute
450 2797 575 2848 eventum
590 2786 654 2850 quod
704 2785 738 2834 Ut
752 2785 878 2849 legendum
892 2799 944 2834 esse
957 2783 991 2833 ibi
1003 2784 1149 2834 docebimus.
1160 2801 1200 2834 oo·

161 2859 219 2909 torte
230 2877 259 2909 es
269 2861 351 2925 glossis
361 2861 447 2920 heruit,
457 2876 513 2911 nem
520 2861 547 2911 iu
557 2861 654 2927 quibus-
703 2867 760 2916 tare,
768 2875 808 2923 pro
815 2856 928 2907 inlumsre
935 2856 1081 2925 Propertium
1089 2872 1200 2924 usurpem

163 2932 218 2982 dum
233 2934 354 2984 codicibus
372 2934 410 2984 hic
430 2934 485 2985 tulis
499 2933 658 3000 inorprenrio
707 2931 777 2981 docet
794 2930 981 2996 elegentissimus
994 2931 1155 2982 broukhusius
1168 2931 1200 2983 sd

161 3007 319 3072 reperitur,ob
336 3019 426 3067 mento,
442 3027 457 3058 o
471 3011 598 3071 principiu-
615 3008 657 3057 sed
707 3005 1046 3070 lib.iii.eleg.v.62.erguere
1056 3004 1117 3055 dixit
1131 3006 1200 3072 Sym·

161 3080 269 3131 inaudite
283 3081 325 3133 ills
340 3082 404 3133 vocis
417 3086 446 3132 ab
459 3081 605 3148 significatio,
616 3097 657 3132 ne·
707 3079 804 3129 machus
817 3078 893 3129 libii.
904 3080 949 3146 Ep.
961 3081 1002 3129 2⁸.
1020 3081 1107 3146 Argue,
1118 3090 1145 3129 ut
1160 3084 1201 3140 vir,

162 3170 209 3218 qoo
224 3154 313 3204 Tibulli
328 3155 401 3213 locos,
417 3171 489 3222 quem
505 3155 657 3221 depravatum
706 3170 784 3203 renim
791 3155 884 3204 omnibu
891 3164 940 3216 post
947 3158 1039 3213 esitssu
1047 3165 1070 3205 et
1079 3156 1135 3204 milri
1145 3157 1200 3207 uitio

164 3228 269 3286 adducit,
277 3229 351 3279 hilum
358 3230 434 3296 juvet.
442 3239 505 3280 recte
512 3229 658 3279 Heinsiusub
707 3238 775 3286 nerto,
785 3231 844 3293 qnod
854 3238 1003 3290 corumptum
1010 3231 1046 3278 sui
1057 3228 1200 3299 Profuturo

163 3302 203 3352 hic
223 3311 277 3369 post
296 3311 376 3353 notus
393 3303 482 3354 docuit.
499 3312 524 3353 et
542 3305 577 3352 ite
595 3317 658 3370 srepe
707 3312 869 3366 conpositam.
887 3300 1202 3354 Foetbaeeusasertsorme

161 3377 657 3429 Nosterv.iii.Met.273.etiu.329.iv.ex
707 3374 1201 3442 aestuabipturesdremhoeergomlt

164 3453 234 3502 Pout.
242 3470 266 3502 v.
275 3453 317 3503 86.
325 3462 351 3503 et
360 3453 395 3502 ite
408 3469 437 3502 ex
449 3454 521 3503 11188.
532 3449 658 3519 legendum
708 3449 807 3515 Phyllis,
816 3450 899 3500 stultos
909 3465 969 3506 esse,
979 3458 1004 3498 et
1014 3448 1104 3515 dignos,
1115 3450 1202 3514 quibui

163 3525 207 3574 inl.
214 3526 259 3592 Ep.
267 3543 290 3575 v.
298 3528 383 3576 isset
394 3545 409 3576 a
419 3537 493 3576 onero
505 3528 659 3592 uselmigm
707 3539 835 3589 numquam
850 3540 887 3574 res
902 3524 954 3575 ulls
968 3524 1030 3574 bene
1045 3524 1148 3582 eueniet,
1158 3525 1200 3590 qui

164 3599 222 3655 soit.
235 3608 261 3649 et
276 3617 302 3650 x.
321 3601 360 3650 16.
375 3621 391 3651 o
407 3619 480 3652 nomm
496 3604 597 3650 turbido.
615 3598 657 3650 ubi
706 3608 758 3664 post
773 3608 884 3650 eventum
894 3600 1012 3666 judicent,
1025 3600 1068 3649 sed
1082 3600 1200 3666 sapientes

161 3673 224 3723 ride.
239 3673 323 3723 melios
338 3674 451 3740 potuisset
468 3674 580 3724 Beothius
595 3686 655 3740 prn-
705 3672 780 3738 ipssm
794 3689 843 3723 rem
858 3673 1010 3740 perpendere.
1020 3673 1057 3723 its
1070 3673 1199 3724 Cleudien.

161 3745 280 3811 positionis
289 3747 359 3817 hujus
372 3748 572 3814 sgnifimuosem,
583 3760 655 3813 quem
704 3744 730 3795 ii.
737 3745 763 3796 iu
773 3747 871 3813 Eutrop.
882 3747 941 3796 486.

160 3817 205 3884 ipsi
220 3819 327 3886 adfingit,
339 3837 369 3872 en
383 3820 474 3887 oliquot
488 3821 560 3872 nosti
575 3822 655 3876 Poetis
735 3820 906 3884 -Nsejom
916 3820 1036 3869 „mediis
1046 3821 1154 3867 ὼιιιιιιιιιι

161 3891 238 3943 locis
231 3911 256 3944 ιιι
272 3891 337 3946 libris
351 3897 473 3947 suornm
488 3893 616 3954 odsnum,
628 3904 656 3947 ut
737 3894 911 3944 Dossturerusr
920 3893 1198 3957 eolidodidioennops's·

162 3965 179 4014 i.
187 3965 252 4015 sm.
260 3967 317 4016 ¹111.
769 3979 813 4018 tro.
1094 3965 1183 4015 Bonus.

198 4039 253 4089 Hoc
263 4043 307 4088 erit
317 4059 331 4088 o
341 4042 579 4107 memfisretseuudo
589 4044 644 4094 dies.
737 4043 780 4091 89.
799 4039 909 4105 Tetigit]
920 4038 1008 4102 Tungri
1015 4035 1200 4103 mithio-qnod

167 4110 223 4159 Es·
208 4127 235 4161 ιι.
243 4112 302 4162 686.
707 4114 801 4163 stridet.
810 4113 901 4160 Herus.
908 4111 993 4174 Tangit
999 4108 1200 4176 editiouesprissn'

197 4184 648 4239 Sensuobsstremooominomsediss.
709 4183 1153 4252 etscnpotueommuretutllpr
1155 4185 1200 4236 81
