2896 4980
194 295 259 361 m
488 291 527 356 Ρ.
552 287 715 357 ovluu
739 287 953 357 NASOle

200 466 306 541 Neve
325 490 402 540 suae
420 475 577 564 possent
593 463 772 539 intactam
790 463 886 537 scire
904 463 1114 548 ministre„

249 581 427 656 Dedecus
444 581 515 655 hoc
532 579 658 654 sumta
676 577 924 653 dissimulavit
941 578 1052 676 aqua.

539 1022 764 1097 ELEGlA
790 1022 904 1101 VIII.

108 1209 113 1257 ¹
199 1203 250 1277 Et
266 1200 469 1298 quisquam
486 1199 668 1294 ingenuas
685 1196 890 1270 etiamnum
908 1198 1067 1297 suspicit
1083 1211 1196 1287 artes,

107 1304 110 1311 ’
248 1317 327 1388 Aut
343 1325 512 1388 tenerum
529 1312 637 1385 dotes
657 1335 807 1386 carmen
826 1313 964 1389 habere
982 1317 1116 1412 putat?

199 1430 396 1530 Ingenium
414 1428 605 1528 quondam
623 1427 744 1502 fuerat
760 1427 960 1528 pretiosius
977 1453 1088 1506 auro:

249 1548 301 1621 At
319 1571 418 1619 nunc
435 1545 627 1619 barbaries
645 1545 808 1642 grandis,
828 1544 967 1619 habere
984 1545 1088 1619 nihil.

200 1664 298 1736 Cum
317 1661 472 1760 pulchre
490 1659 605 1733 nostri
623 1659 784 1733 dominae
802 1659 977 1757 placuere
992 1661 1131 1752 libelli;
1218 1669 1240 1736 5

249 1777 335 1862 Quo
352 1776 458 1850 licuit
474 1775 591 1861 libris,
611 1798 685 1848 non
702 1774 792 1848 licet
808 1773 862 1848 ire
879 1773 983 1849 mihi.

200 1893 298 1966 Cum
316 1892 412 1965 bene
430 1889 605 1974 laudavit,
624 1889 776 1964 laudato
788 1889 907 1986 janua
922 1890 1051 1965 clausa
1067 1902 1138 1968 cst.

248 2005 423 2105 Turpiter
441 2007 515 2078 huo
534 2005 622 2078 illue
640 2004 855 2102 ingeniosus
874 2030 931 2079 eo.
1146 2012 1150 2018 '

199 2122 300 2196 Ecce
318 2145 449 2196 recens
466 2121 584 2209 dives,
603 2131 711 2220 parto
729 2145 797 2220 per
813 2121 966 2197 vulnera
978 2146 1107 2212 censu,

248 2237 450 2312 Praefertur
468 2237 588 2324 nobis,
608 2239 788 2334 sanguine
807 2249 937 2336 pastus
955 2261 1086 2336 eques.
1196 2244 1240 2313 10

200 2353 312 2428 Hunc
329 2362 437 2452 potes
455 2354 632 2451 amplecti
649 2353 833 2442 formosis,
851 2352 939 2440 vita,
958 2354 1131 2429 lacertis?

249 2468 374 2566 Hujus
391 2469 429 2542 in
447 2469 657 2567 amplexus
676 2469 764 2555 vita,
782 2467 907 2543 venire
925 2470 1059 2568 potes?

200 2585 241 2656 Si
260 2584 395 2670 nescis,
415 2585 560 2681 galeam
578 2596 692 2682 caput
709 2587 780 2659 hoc
797 2595 944 2684 portare
962 2585 1127 2660 solebat:

249 2697 351 2773 Ense
368 2699 466 2772 latus
484 2698 662 2785 cinctum,
681 2702 783 2798 quod
800 2700 868 2774 tibi
886 2701 1011 2788 servit,
1030 2713 1122 2777 erat.

201 2814 312 2888 Laeva
326 2838 470 2901 manus,
482 2816 543 2889 cui
557 2840 655 2889 nunc
666 2841 791 2890 serum
806 2819 902 2892 male
913 2819 1086 2893 convenit
1096 2843 1239 2903 aurum,

251 2930 370 3004 Scuta
384 2930 482 3004 tulit.
511 2932 682 3006 dextram
701 2945 826 3030 tange,
845 2943 999 3007 cruenta
1014 2933 1098 3008 fuit.
1197 2939 1240 3009 16

229 3141 254 3184 5.
280 3137 407 3201 Pulchre]
433 3137 532 3188 llectins
553 3141 604 3189 sine
623 3139 693 3205 diph-
745 3149 782 3191 tur
793 3141 894 3191 Ovidius
904 3141 1019 3206 ejusmodi
1034 3141 1123 3191 bomini
1132 3143 1241 3209 indigna·

198 3210 285 3273 thongo
301 3209 395 3274 legitur,
406 3214 509 3274 pulchre,
520 3223 547 3262 ut
565 3213 596 3262 rit
612 3214 694 3263 adver·
744 3223 791 3273 tur,
801 3214 866 3280 quod
879 3213 927 3265 sibi
940 3215 971 3263 ab
986 3214 1064 3265 amice
1078 3216 1192 3281 pmlatu
1203 3216 1244 3267 eit.

197 3281 272 3337 bium,
292 3291 317 3330 et
338 3283 455 3347 significet
479 3287 549 3336 bene.
581 3289 698 3338 Maurus.
745 3289 816 3338 cros.

200 3355 305 3403 Pulchra
315 3356 391 3420 prima
407 3358 480 3408 editio
491 3370 516 3410 et
529 3361 629 3411 Putean.
640 3377 695 3411 cum
780 3365 819 3413 ll.
844 3362 915 3411 Hunc
934 3374 994 3425 potua
1011 3365 1117 3426 amplecti
1135 3363 1243 3429 sor-od

199 3426 308 3475 undecim
328 3429 389 3477 aliis.
415 3431 457 3479 sed
479 3434 549 3482 male.
577 3434 612 3483 ita
631 3450 695 3499 sape
745 3440 818 3487 neuun
844 3438 951 3486 mmet
975 3438 1053 3500 Hsp'us
1079 3442 1106 3486 in
1126 3440 1240 3501 wylan.

200 3500 301 3548 Plautus
322 3511 346 3549 et
367 3503 492 3553 Terentius
518 3506 563 3554 hoc
584 3508 695 3557 adverbio
744 3511 803 3574 sc]
823 3510 945 3561 Invehitur
959 3511 985 3561 in
999 3512 1241 3578 amicnmintcnopa·

198 3582 305 3623 utuntur.
745 3582 854 3642 tionibus,
866 3601 919 3649 qum
936 3585 1064 3642 hominem,
1081 3587 1123 3651 qui
1140 3587 1243 3638 llum!

228 3648 254 3696 9.
273 3646 332 3696 Ecce
349 3664 424 3697 recem
434 3651 495 3696 ilices
510 3663 578 3712 parto
592 3670 633 3716 per
643 3656 693 3702 uul-
745 3657 810 3707 cede
828 3658 932 3722 pollutus
947 3675 976 3708 ac
989 3659 1166 3710 contaminatus
1182 3669 1242 3719 erat,

199 3737 254 3768 nero
270 3738 339 3769 censu
350 3723 480 3788 Praesertur
499 3728 569 3783 croto,
584 3730 695 3791 sauguine
745 3731 933 3797 amplecteretur,
947 3749 1048 3798 cumque
1063 3749 1092 3783 ee
1103 3751 1154 3784 rem
1171 3735 1242 3786 hute-

190 3795 274 3859 [σεται
284 3797 369 3861 aquea]
382 3797 521 3847 Aristotcles
532 3801 574 3850 lib.
586 3802 611 3851 ii.
628 3801 694 3852 Rhe-
744 3815 789 3853 ret.
824 3806 896 3854 Cror.
1176 3798 1182 3807 ¹

197 3867 320 3917 turicorum
341 3870 412 3920 tradit
439 3888 486 3928 eos,
505 3874 547 3937 qui
569 3874 650 3931 nobili,
670 3885 694 3922 et
779 3878 971 3928 Formosisstultu
982 3880 1094 3943 locata]
1114 3881 1162 3929 Pro
1171 3885 1242 3930 stulto

196 3940 282 3989 illustri
293 3943 343 3992 loco
358 3943 408 3992 nati
426 3953 489 4000 suut,
505 3946 630 4010 indignari,
640 3963 694 3996 cum
745 3960 792 3999 tarn
810 3952 856 4007 hic.
868 3969 939 4017 quam
956 3953 1064 4017 sequenti
1076 3970 1146 4003 versu
1156 3955 1243 4004 Putet·

197 4014 301 4078 aliquem
312 4017 401 4074 vident,
413 4019 453 4084 qui
470 4037 545 4086 nuper
560 4023 590 4072 nd
601 4021 695 4071 divitias
745 4041 811 4080 neus,
824 4028 888 4073 tritu:
902 4044 949 4074 mcu
963 4029 1017 4081 totu,
1026 4043 1073 4075 meu
1084 4029 1135 4084 lut,
1144 4027 1241 4077 blndi-

197 4090 393 4150 pervenerit,sibi
410 4093 521 4156 preferri.
553 4095 694 4160 Meritoigi·
746 4099 784 4148 tia
794 4110 933 4149 amatorum.
967 4100 1056 4149 Herus.
