2896 4980
424 328 566 396 ARTIS
589 327 859 395 Antromm
883 327 974 395 ΠΒ.
997 329 1027 395 Ι.
1180 331 1246 396 tto

209 501 378 598 Auguror
394 527 464 590 en3
492 503 636 576 vinces:
665 501 863 599 votivaque
878 503 1046 578 carmina
1063 504 1236 578 reddam:

258 616 309 691 Et
325 641 461 716 magno
478 618 587 692 nobis
604 640 668 691 ore
685 618 875 692 sonandus
893 618 981 692 eris.
1173 623 1247 692 206

210 731 418 822 consistes,
437 736 636 832 aciemque
653 734 747 808 meis
763 734 962 808 hortabere
979 735 1116 808 verbis.

256 848 292 922 0
310 850 437 925 desint
451 850 585 926 animis
604 874 652 924 ne
669 874 755 925 mea
770 852 885 925 verba
900 851 996 924 tuis!

208 963 406 1064 Tergaque
417 966 655 1053 Parthorum,
671 965 921 1063 Romanaque
938 977 1092 1064 pectora
1104 965 1246 1053 dicam3

256 1081 438 1179 Telaque,
456 1082 506 1156 ab
523 1104 654 1155 averso
671 1106 758 1179 quae
771 1081 866 1179 jacit
881 1081 1000 1155 hostis
1016 1103 1131 1178 equo.
1173 1086 1249 1154 210

208 1195 283 1281 Qui
295 1196 407 1294 fugis,
419 1207 463 1271 ut
471 1197 612 1281 vincas,
628 1196 719 1292 quid
733 1196 865 1283 victos,
881 1195 1035 1282 Parthe,
1047 1197 1249 1294 relinquis?

258 1311 411 1399 Parthe,
422 1312 562 1384 malum
576 1312 656 1408 jam
669 1334 768 1385 nunc
780 1309 886 1385 Mars
899 1320 987 1384 tuus
1000 1311 1236 1385 omenhabet

212 1425 311 1523 Ergo
327 1427 400 1501 'erit
416 1427 481 1501 illa
496 1427 591 1513 dice,
610 1427 689 1524 qut
706 1436 761 1513 tu,
779 1426 1028 1525 pulcherrime
1045 1448 1182 1513 rerum,

259 1541 445 1627 Quattuor
461 1543 501 1616 in
517 1542 634 1616 niveis
651 1565 787 1616 aureus
805 1541 876 1614 ibis
894 1541 1017 1638 equis

213 1655 327 1732 lbunt
343 1667 431 1732 ante
444 1657 574 1743 duces,
593 1656 736 1731 onerati
755 1656 854 1730 colla
869 1655 1032 1744 catenis;
1069 1744 1071 1748 ‚
1176 1661 1250 1729 215

260 1770 320 1845 Ne
338 1772 484 1871 possint
500 1770 586 1857 tuti,
606 1771 682 1868 qud
699 1771 814 1869 prius,
833 1794 918 1844 esse
934 1770 1038 1869 sugo.

212 1885 447 1986 Spectabunt
462 1887 539 1961 loeti
552 1890 724 1984 juvenes,
743 1887 949 1983 mixtaeque
967 1886 1123 1985 puellae:

262 2002 534 2100 Diffundetque
551 2003 696 2076 animos
712 2003 886 2076 omnibus
903 2003 977 2076 ista
992 2002 1087 2076 dies.

212 2114 338 2215 Atque
355 2117 483 2213 aliqua
499 2140 547 2191 ex
564 2117 638 2189 illis
655 2141 744 2190 curn
761 2116 911 2214 Regum
930 2119 1081 2193 nomina
1098 2128 1251 2216 quaeret,

261 2229 356 2315 Quae
374 2232 468 2318 loca,
488 2233 554 2329 qui
571 2241 732 2319 montes,
750 2256 882 2330 quaeve
899 2232 1066 2308 seranum
1081 2257 1211 2331 aquae;

132 2409 194 2483 f
214 2346 352 2423 Omnia
368 2349 575 2447 responde:
604 2372 675 2424 nec
692 2359 838 2424 tantum
856 2350 888 2422 si
905 2374 983 2448 qna
998 2350 1161 2446 rogabit;
1179 2352 1247 2420 221

263 2461 314 2537 Et
332 2487 418 2561 quae
436 2465 627 2552 nescieris,
646 2477 689 2540 ut
704 2466 803 2540 bene
820 2476 910 2540 nota
925 2465 1034 2541 refer.

212 2757 242 2807 de
250 2753 440 2825 Cajo'liberiove
447 2758 641 2825 intelligendum:
651 2777 709 2827 quo·
760 2761 796 2811 dit
810 2760 906 2810 ironice:
923 2762 978 2823 quid
989 2762 1065 2815 uictor,
1078 2758 1173 2815 Partho,
1184 2761 1255 2808 reliu-

213 2847 264 2880 rnm
282 2832 368 2890 nentri,
386 2834 539 2898 requerire,
557 2852 634 2901 neque
650 2851 710 2884 mor·
760 2837 825 2901 quir?
841 2834 899 2901 quid
910 2834 1040 2890 Romanor,
1054 2848 1113 2898 qnos
1129 2835 1198 2882 vietor
1205 2834 1256 2899 jum

214 2914 262 2962 too,
278 2903 353 2957 divini
372 2905 472 2956 honores
492 2908 616 2959 consumti
636 2907 711 2958 luere.
760 2911 832 2961 solita
852 2909 934 2960 frande
950 2907 1080 2974 praesumis,
1098 2909 1216 2970 relinquis,
1232 2916 1257 2958 et

215 2977 309 3029 Mlm·
753 2985 825 3052 fugit
835 2984 895 3050 ipse,
906 2982 974 3048 qnasi
985 2983 1078 3032 richtrl
1094 2980 1162 3031 Nihil
1172 2981 1211 3030 bio
1222 2982 1257 3030 ri·

245 3053 304 3102 207.
322 3051 455 3117 Cenum]
474 3052 504 3102 lu
521 3053 573 3104 acie
590 3053 712 3105 reduetus
762 3057 890 3122 deo‚quod
908 3072 955 3106 non
968 3054 1090 3122 aptissime
1106 3069 1161 3104 cum
1179 3064 1259 3105 mente

214 3125 305 3190 proelio·
338 3126 430 3175 Bm·
762 3135 977 3200 podtaecoogruat;
992 3129 1258 3194 dumqnernexllein-

247 3209 305 3258 211.
323 3207 454 3273 Quifugr'r,
463 3219 490 3257 nt
501 3208 579 3258 υἰπόω
588 3208 647 3273 &c.]
656 3209 712 3258 Non
761 3207 828 3257 siano
838 3206 940 3256 lectione
951 3220 1046 3254 murum
1056 3219 1134 3261 eruas,
1142 3204 1180 3253 rix
1190 3204 1259 3271 cupio

216 3290 252 3330 ert
269 3280 334 3331 unde
348 3280 407 3346 qnid
423 3281 449 3330 in
466 3281 591 3334 bocrersn
608 3299 712 3340 movear,
762 3279 953 3345 intelligendum.
986 3278 1077 3327 Auru.

215 3369 286 3419 quem
295 3363 376 3403 tamen
385 3370 435 3411 ruo,
448 3362 475 3402 ut
487 3353 529 3412 ait,
537 3356 648 3417 periculo,
663 3355 712 3421 legi
794 3357 853 3405 21³.
872 3355 934 3420 Ergo
944 3356 988 3404 erit
999 3352 1063 3416 illa]
1083 3352 1139 3402 Non
1148 3351 1260 3403 invenus·

215 3427 249 3476 sic
259 3427 373 3477 Heinsius
383 3427 491 3476 volebat:
761 3439 822 3486 tum,
832 3428 895 3494 qnod
904 3428 977 3477 habet
984 3426 1060 3476 codex
1069 3424 1169 3492 Regina,
1180 3427 1261 3481 Quon-

249 3502 369 3568 Quisngir
378 3511 406 3550 ut
415 3504 500 3560 mrem,
507 3506 563 3567 qnid
573 3505 640 3562 victo,
652 3505 712 3554 Par·
762 3507 791 3552 do
800 3505 846 3552 erit
857 3504 899 3552 illo
909 3505 967 3552 diet.
987 3499 1050 3568 qnod
1062 3500 1189 3550 vehemens
1198 3501 1261 3549 desi-

282 3577 327 3633 tlre‚
339 3578 468 3640 relinquet?
762 3576 854 3627 derium
865 3576 985 3642 exprimit.
1018 3573 1065 3623 Sed
1076 3574 1166 3623 retineo
1176 3573 1261 3637 vulga·

216 3647 321 3699 Primum
331 3647 396 3698 enim
411 3647 444 3697 ed
453 3647 547 3697 solitum
557 3648 653 3699 Pnnn
662 3666 712 3700 mo·
762 3659 821 3709 tarn,
829 3667 909 3717 qnare
916 3659 1007 3700 certum
1012 3649 1064 3715 jem
1074 3650 1145 3715 putta
1151 3647 1261 3697 osoendit.

216 3736 264 3771 rem
274 3721 368 3772 adludit
383 3723 464 3788 polita,
474 3723 516 3787 qui
526 3721 630 3771 victorin
646 3739 714 3788 rpem
763 3726 854 3775 Boau.

159 3802 172 3829 ⁸
217 3803 241 3843 et
251 3795 362 3845 fiduciam
378 3794 403 3844 in
413 3794 471 3860 lugo
485 3796 614 3860 ponebant,
625 3795 714 3859 (fim-
797 3799 855 3848 214.
871 3800 960 3847 Aurem
970 3796 1107 3860 ibaeque}
1123 3793 1260 3844 Notandum

217 3877 303 3932 temque
309 3869 376 3936 fuga
388 3869 512 3925 Parthum.
525 3869 609 3934 virgil.
623 3869 713 3935 Georg.
765 3870 804 3920 hic
823 3875 857 3919 iro
872 3874 898 3920 iu
912 3872 974 3932 equit
991 3870 1047 3934 poni
1061 3884 1103 3934 pro
1119 3883 1188 3916 curru
1197 3867 1261 3924 vehi,

217 3938 253 3989 iii.
265 3942 319 4004 ³0.)
330 3943 360 3992 ed
377 3957 481 4008 pugnarn
497 3958 552 3992 mox
562 3941 663 3992 acriores
679 3959 714 3994 re·
764 3960 820 3993 curn
835 3944 903 3993 aliter
918 3957 960 4006 pro
974 3942 1081 4008 equitare
1096 3940 1158 3990 eunti
1175 3939 1260 3989 soleat.

218 4017 321 4066 tersuri:
339 4015 427 4066 deinde
434 4031 489 4064 vero
498 4015 614 4066 simulata
625 4033 713 4073 veram,
765 4019 854 4066 Bura.

218 4103 288 4151 quam
298 4090 426 4146 ominatur,
439 4087 518 4155 lngarn
528 4106 656 4157 opponent,
669 4091 713 4141 ad·
