2896 4980
195 314 262 381 affl
493 312 531 376 P.
555 311 716 379 ovlnll
739 310 951 379 Nesouls

201 487 364 561 Tithono
380 486 515 561 vellem
531 486 581 563 de
597 499 635 561 te
653 508 801 561 narrare
818 486 970 563 liceret:
1117 532 1120 537 ·
1190 492 1233 563 36

253 602 396 676 Fabula
412 627 487 677 non
503 602 599 676 coelo
616 601 759 699 turpior
774 601 853 675 ulla
868 600 976 677 foret.

202 715 314 791 Illum
331 719 422 791 dum
440 717 591 813 refugis,
610 717 723 813 longo
741 716 832 815 quia
848 716 1005 813 frigidus
1022 740 1115 803 aevo,

252 833 383 929 Surgis
402 834 450 907 ad
468 833 605 907 inrisas
623 857 647 908 a
663 857 753 908 sene
771 857 882 907 mane
894 843 1009 909 rotas.

200 948 253 1023 At
269 951 430 1047 siquem
446 951 621 1024 manibus
636 949 847 1049 Cephalum
861 951 1064 1048 complexa
1076 960 1230 1037 tenerem

251 1065 463 1154 Clamarem
493 1064 611 1141 Lente
628 1067 766 1141 currite
784 1066 905 1141 noctis
923 1066 1026 1164 equi.
1188 1069 1232 1139 40

202 1180 281 1254 Cur
298 1205 369 1277 ego
387 1181 530 1278 plectar
547 1181 703 1255 amans?
729 1181 761 1253 si
779 1181 835 1255 vir
851 1181 920 1256 tibi
946 1192 1091 1257 marcet
1112 1182 1158 1256 ab
1173 1204 1231 1255 an·

251 1296 353 1369 Num
373 1319 432 1369 me
450 1296 611 1395 nupsisti
628 1295 852 1370 conciliante
869 1296 977 1370 senil
1142 1294 1227 1393 [nin

201 1412 379 1509 Adspice,
398 1422 492 1510 quot
508 1436 658 1486 somnos
671 1411 802 1506 juveni
819 1411 968 1487 donarit
984 1422 1109 1489 amato

250 1527 378 1602 Luna:
407 1552 531 1625 neque
549 1528 647 1601 illius
664 1527 784 1601 forma
800 1527 968 1604 secunda
983 1538 1072 1603 tute.

201 1642 289 1741 Ipse
308 1643 432 1718 Deam
450 1647 606 1741 genitor,
626 1655 728 1719 nete
746 1655 824 1719 tam
841 1668 944 1743 saepe
961 1644 1116 1731 videret,
1185 1644 1226 1715 45

251 1759 450 1831 Commisit
467 1769 597 1835 noctes
615 1760 653 1833 in
670 1784 740 1833 sua
756 1770 843 1834 vota
858 1760 966 1833 duas.

200 1871 332 1969 Jurgia
348 1874 528 1949 finieram.
557 1877 672 1951 scires
690 1876 862 1965 audisse;
890 1875 1065 1949 rubebat.

252 1987 334 2061 Nec
351 2000 477 2064 tamen
496 1991 652 2066 adsueto
669 1991 812 2067 tardius
830 2002 912 2065 orta
927 1990 1023 2065 dies.

537 2470 763 2545 ELEGIA
800 2468 906 2543 XIV.

201 2653 396 2739 Dicebam,
417 2652 611 2728 Medicare
628 2664 713 2726 tuos
731 2650 871 2724 desiste
890 2650 1060 2747 capillos.
1099 2610 1103 2620 Ι

249 2767 436 2865 Tinguere
454 2793 568 2867 quam
586 2770 720 2868 possis,
736 2770 815 2865 jam
832 2767 901 2839 tibi
923 2767 1026 2840 nulla
1042 2788 1152 2841 coma
1166 2774 1225 2843 ert.

198 3024 330 3081 recentiori,
335 3027 377 3091 qui
387 3037 500 3092 preterea
507 3031 621 3092 egnoscit,
630 3030 693 3084 Quid
743 3037 805 3094 pert.
816 3028 857 3076 lib.
870 3027 888 3075 i.
900 3027 969 3092 eleg.
985 3028 1011 3076 9.
1025 3027 1104 3093 princ·
1121 3036 1147 3077 et
1155 3022 1228 3077 Μ·

196 3102 351 3163 ecquale.
385 3102 456 3151 Certe
472 3103 502 3153 de
514 3103 620 3168 Cephalo
638 3119 692 3152 cum
744 3103 774 3152 ad
786 3104 847 3150 Stat.
857 3101 891 3149 iv.
903 3101 961 3150 Sile.
970 3117 1006 3150 us
1017 3118 1080 3151 vm.
1093 3102 1133 3151 12.
1149 3102 1227 3153 Bm.

198 3190 252 3223 mox
271 3173 302 3221 sit
316 3182 419 3232 acturm,
434 3177 509 3224 otiose
529 3188 564 3224 cst
581 3177 693 3225 hocloco
777 3177 864 3225 Desiste
873 3186 923 3223 tuos
930 3177 1042 3224 modim
1049 3172 1229 3239 capillum!-

199 3249 250 3311 cjus
261 3247 359 3296 mentio.
391 3249 575 3313 Myrilloetism
588 3252 692 3301 acGru·
743 3251 816 3299 thiam
837 3265 931 3315 quoque
956 3248 1065 3315 increpet
1085 3245 1231 3317 Propertii·

199 3330 249 3368 tero
264 3330 398 3384 suspectum
416 3323 548 3373 habebatur
564 3325 608 3373 hoc
626 3324 692 3374 disti-
743 3325 812 3389 Eleg.
825 3326 874 3373 xiv.
886 3326 925 3373 25.
941 3339 995 3389 sqq.
1012 3324 1076 3389 quod
1091 3332 1230 3387 umn-

198 3392 268 3441 clron.
300 3394 392 3443 Heme.
743 3408 786 3463 put
796 3399 869 3447 nitore
881 3397 989 3462 tingeret,
1001 3404 1229 3447 ctorem-mtur-

230 3458 270 3505 40.
288 3456 360 3509 Lente
370 3462 458 3507 currite
469 3465 539 3509 noctis
550 3464 624 3526 aqud]
637 3464 691 3512 Nox
742 3471 802 3536 pices
822 3471 899 3520 colore
919 3473 1005 3537 belgico
1030 3471 1146 3522 imoent.
1175 3468 1231 3521 Nn

197 3530 247 3580 filia
257 3530 326 3586 Chai,
337 3547 390 3596 quse
402 3548 430 3581 ex
443 3534 520 3583 Erebo
531 3536 601 3585 lratre
608 3537 692 3586 AEthe-
742 3560 813 3610 supra
823 3545 893 3595 fidem
908 3544 983 3595 libido
1000 3561 1109 3597 romam
1124 3554 1232 3595 mmm

196 3620 231 3661 ra,
252 3613 277 3653 et
302 3603 375 3652 Diem
401 3608 502 3671 peperit.
524 3607 642 3658 Hesiodus
667 3611 692 3659 in
742 3618 861 3667 invaserat
871 3619 947 3667 crines
959 3622 1097 3677 affluam,
1107 3616 1231 3669 utmlln

195 3677 342 3745 Theogonia-
376 3678 446 3729 Cior·
742 3693 843 3743 colorem
858 3693 978 3752 referrent,
988 3693 1031 3759 qni
1048 3687 1230 3755 usdrusteis

413 3782 478 3792 -
742 3765 873 3822 Britannis,
885 3775 910 3815 et
926 3764 956 3815 lis
965 3767 1075 3817 omnibus
1086 3760 1229 3835 populmw

231 3831 253 3877 l.
271 3829 400 3893 melam]
422 3829 526 3895 Elegnns
546 3845 603 3879 usus
623 3830 693 3898 hujus
742 3839 931 3904 Septentrionem
941 3850 1116 3905 versungnnt.
1133 3836 1230 3899 dulm-

196 3903 271 3959 rerbi,
288 3903 334 3953 hoc
352 3912 465 3970 tempore,
482 3919 529 3970 quo
546 3903 632 3953 lmstra
649 3924 691 3956 nos
741 3929 789 3962 rem
801 3912 979 3978 hunctingendi
989 3914 1089 3981 eupillo·
1098 3912 1228 3977 mullos?

195 3978 363 4039 premonuisse
373 3977 514 4037 incredulos,
525 3977 628 4045 quadam
636 3996 691 4031 cum
742 3987 804 4052 apud
813 3986 934 4036 Romanas
941 3986 1053 4051 viguisse,
1060 4002 1134 4053 qum
1142 3980 1226 4041 &H

195 4050 315 4117 voluptate
330 4053 507 4117 exprobramus.
524 4054 593 4119 plura
608 4070 688 4105 exem-
740 4061 777 4125 gis
797 4062 837 4111 vel
860 4061 982 4111 Britsun‘u
1007 4062 1146 4119 sedilum·
1169 4056 1227 4121 fif*

194 4121 236 4186 pn
255 4125 401 4191 congeras
417 4128 565 4179 russeus
585 4128 616 4177 m
633 4130 689 4179 1²10-
741 4134 802 4185 cae
812 4134 979 4199 suumne
995 4128 1228 4199 “numid-

1188 4210 1198 4237 ἱ

1111 4618 1140 4669 .·’
1198 4276 1281 4688 t]

1074 4678 1079 4687 .
1117 4662 1178 4687 ah·
1213 4666 1225 4687 ,ι
