2896 4980
413 330 556 399 ARTIS
578 329 847 399 Aureolum
868 329 962 404 mu.
984 331 1016 398 l.
1173 335 1239 401 dol

196 504 251 579 Tu
268 506 380 581 modo
398 504 582 604 Pompeju
597 506 721 581 lentus
738 505 902 603 spatiere
919 505 990 579 sub
1007 507 1157 593 umbre,

244 622 343 696 Cum
360 622 418 696 sol
436 620 613 697 Herculei
631 632 738 717 terge
752 621 870 695 leonis
888 620 987 695 odit:

196 735 272 811 Aut
287 737 353 811 ubi
370 737 588 812 muneribus
604 738 682 811 nati
700 759 770 810 sue
785 758 941 811 munera
957 746 1077 812 muter

223 910 225 914 ,
242 851 413 939 Addidit,
431 862 589 927 externo
606 874 790 927 marmore
806 851 912 927 dives
928 875 1038 949 opus.
1190 859 1240 927 70

197 967 231 1042 N
234 992 277 1043 ec
294 968 364 1043 tibi
381 969 531 1055 vitetur,
549 992 649 1066 quae,
668 969 802 1066 priscis
820 990 953 1065 sparsa
968 968 1131 1054 tabellis,

245 1083 419 1158 Porticus
436 1083 600 1158 auctoris
619 1081 725 1157 Livia
741 1105 878 1156 nomen
894 1083 1023 1157 habet.

198 1198 361 1298 Quique
377 1223 511 1299 parere
527 1222 658 1274 necem
675 1199 822 1274 miseris
840 1198 1072 1297 patruelibus
1089 1222 1214 1274 suste·

246 1314 413 1402 Belides,
432 1325 472 1391 et
487 1315 619 1390 stricto
637 1325 713 1391 stet
730 1315 831 1391 ferus
848 1339 938 1391 ense
956 1325 1076 1413 puter.

199 1428 280 1506 Nec
295 1440 336 1506 te
352 1441 552 1530 praetereat
568 1429 706 1505 Veneri
724 1432 891 1530 ploratus
908 1428 1072 1518 Adonis3
1193 1435 1241 1507 75

248 1545 438 1644 Cultaque
455 1545 479 1620 J
481 1547 591 1622 udaeo
608 1549 770 1646 septime
787 1571 895 1622 secra
913 1547 1025 1645 Syro.

201 1659 284 1735 Neu
302 1661 391 1759 fuge
407 1663 573 1760 linigerae
592 1663 841 1763 Memphitica
858 1663 1001 1761 templo
1013 1664 1207 1758 juvencae:

248 1774 392 1851 Multas
410 1779 474 1852 illa
490 1777 592 1864 feeit,
612 1779 714 1875 quod
732 1779 804 1853 suit
818 1779 903 1876 ipsa
919 1776 1016 1851 Jovi.

230 2024 269 2072 67.
281 2023 506 2088 TcnodoPompejd
514 2028 590 2075 lentur
598 2028 697 2088 sparton
747 2026 817 2089 otro]
841 2026 994 2092 Syrooptirue
1010 2022 1168 2091 Bodlejnoum
1184 2025 1246 2089 frag·

201 2098 240 2145 tub
258 2100 347 2155 crabro,
371 2098 429 2146 Cum
445 2102 478 2147 tol
498 2099 609 2149 Herculei
632 2110 697 2166 tergo
748 2108 853 2149 mentum
872 2115 915 2165 pro
934 2098 1029 2148 diversa
1048 2097 1160 2148 lectione.
1193 2098 1248 2148 Nisi

202 2171 367 2236 mutabo]
393 2172 505 2223 Meminit
514 2172 585 2239 hujus
593 2172 698 2239 porticus
747 2172 811 2236 quod
839 2171 939 2221 idoneo
966 2173 1024 2236 Syro
1050 2172 1130 2238 reponi
1156 2171 1248 2229 meliro,

201 2243 245 2294 lib.
255 2262 289 2294 ru
299 2245 371 2312 hujus
380 2247 458 2312 operis
467 2249 525 2297 387.
546 2249 617 2297 Cloe.
747 2245 812 2310 quod
841 2246 917 2311 megin
948 2245 1078 2311 politicum.
1108 2244 1249 2295 Ammonius

233 2319 273 2369 69.
285 2320 332 2368 Aut
343 2323 383 2368 ubi
392 2323 523 2370 moenibus
533 2324 585 2370 uoti
594 2338 637 2369 ruo
648 2338 698 2369 mu·
749 2318 924 2368 Grammaticus
940 2318 971 2366 de
989 2317 1130 2367 Differentin
1149 2333 1246 2366 vocum:

202 2407 255 2440 sero
264 2402 337 2442 nater
348 2394 467 2457 Addidit]
493 2393 621 2443 'I'beetrum
631 2394 697 2442 Mer-
748 2390 867 2457 'ldvpuior
875 2389 1038 2440 roi'loodoior
1047 2389 1206 2455 dmpipooow,
1216 2390 1249 2448 ὣς

201 2464 263 2524 colli,
272 2474 298 2515 et
311 2465 380 2531 juxto
394 2466 438 2515 boc
449 2466 564 2532 porticum
580 2466 698 2524 Octavios,
747 2466 808 2530 φησὶ
833 2466 988 2528 Πτολεμαῖος
1011 2461 1193 2521 Ἀσκαλωνίτας
1221 2463 1266 2512 ἐν,

201 2546 244 2588 ent
257 2548 321 2589 certe
341 2538 517 2590 bibliothecam
534 2539 640 2607 ejusdem
657 2556 699 2591 no·
750 2538 840 2603 κρότῳ
856 2540 913 2604 περὶ
932 2536 1040 2603 Ἡρώδου
1058 2539 1102 2586 τοῦ
1117 2535 1248 2599 βασιλέως·

202 2610 264 2662 mine
274 2611 430 2671 celebratum,
442 2612 575 2679 intelligere
591 2613 698 2663 ridetur:
748 2609 862 2660 Ἰουδαῖοι
879 2612 926 2675 μὲν
944 2609 992 2676 γάρ
1009 2609 1073 2660 εἰσιν
1089 2607 1112 2658 ol
1130 2608 1155 2665 tt
1169 2608 1250 2674 ἀρχῆς

202 2701 300 2750 quorum
317 2685 397 2751 priora
418 2685 466 2735 duo
486 2686 594 2743 edificia,
615 2687 656 2751 (ut
675 2696 701 2737 et
749 2686 853 2748 promi,
865 2681 985 2748 Ἰδυμαῖοι
998 2681 1023 2732 δὲ
1038 2685 1067 2733 rb
1082 2683 1251 2748 plvdpxtrdev

202 2757 327 2808 Suetonius
337 2759 450 2819 testetur)
462 2759 700 2824 Augustuseubiilo·
749 2757 795 2806 obs
803 2756 927 2814 Ἰουδαῖοι,
938 2757 1006 2807 ἀλλὰ
1020 2757 1129 2816 molere,-
1144 2759 1185 2806 eat
1203 2756 1251 2806 Σιί-4

202 2831 702 2897 runnominibueerexit(eretenimuitem,
752 2853 800 2899 poe.
833 2834 882 2884 Ubi
900 2834 969 2899 pluro
987 2834 1018 2883 ed
1036 2849 1094 2883 rem.
1109 2832 1177 2881 vides
1192 2832 1250 2881 Idu·

202 2918 271 2962 error,
282 2904 343 2954 alter
352 2907 436 2954 sororis
443 2907 550 2972 ejusdem
558 2907 634 2970 lilius)
644 2909 702 2957 Bu>-
752 2925 824 2957 maeos
834 2924 885 2958 esse
903 2910 973 2973 Syros
987 2907 1120 2963 Ammonio,
1132 2906 1253 2971 quomodo

202 2976 327 3028 liotbecem
345 2985 425 3027 sutem
448 2978 501 3044 ipss
517 2981 620 3029 Octavia
635 2981 701 3031 insti
751 2989 777 3029 et
792 2979 890 3030 Nesoui.
908 2981 1045 3046 Stephanus
1055 2980 1156 3044 Bymot.
1173 2976 1249 3028 'Idou-

203 3052 256 3109 uit,
266 3052 379 3101 defuncto
387 3052 569 3103 dlioMnrcello.
576 3054 702 3112 ductores,
751 3057 819 3119 μάῑοι
830 3053 1037 3120 ἳθνοςῈβραῐυν.
1047 3069 1077 3101 ex
1085 3055 1100 3103 J
1102 3052 1183 3116 osephi
1191 3052 1252 3102 libro

203 3124 244 3188 qni
261 3124 292 3174 de
319 3124 502 3189 antiquitatibus
527 3127 592 3176 urbis
616 3128 700 3177 Romu
752 3127 803 3179 xiii.
814 3143 869 3194 esp.
881 3129 939 3178 xvii.
951 3129 1023 3177 etium
1035 3126 1252 3176 constetldumaeos

202 3197 354 3264 teripeeruut.
390 3200 486 3249 Μιοιι.
751 3202 783 3250 ub
793 3201 906 3265 Hyrcano
916 3202 1036 3257 subactos,
1049 3200 1133 3250 ritibus
1149 3216 1178 3248 uc
1194 3200 1250 3249 rcli·

234 3272 275 3321 tl.
297 3272 348 3322 Nee
373 3275 415 3321 tibi
427 3276 527 3334 =uitetur
554 3291 603 3338 pue
622 3277 702 3338 priscis
752 3275 822 3338 gione
832 3275 969 3324 Judnomm
979 3276 1082 3324 imbutos
1096 3273 1177 3332 fuisse,
1194 3288 1254 3338 quos

203 3360 279 3407 sporn
295 3347 384 3394 tabellis
397 3346 504 3396 Porticus
518 3351 619 3396 nonoris
637 3348 703 3396 Liria
754 3348 857 3414 respexit
869 3349 964 3405 Noster,
996 3349 1088 3405 Herus.

203 3433 281 3468 men
302 3418 389 3483 habet]
416 3421 525 3470 Porticus
545 3420 622 3480 livia,
642 3431 702 3472 teste
785 3422 825 3470 77.
836 3422 889 3471 Neu
892 3422 956 3488 firgo
967 3422 1092 3488 linigero]
1116 3421 1190 3470 Plura
1199 3422 1253 3487 qui-

205 3489 234 3539 P.
250 3491 358 3550 Victore,
370 3502 422 3542 erut
433 3494 459 3542 in
468 3493 503 3542 iii.
516 3495 588 3544 Urbis
598 3495 702 3560 regione,
752 3495 807 3545 dem
818 3495 914 3545 fuorunt
924 3495 949 3544 in
960 3497 1020 3546 urbe
1028 3495 1118 3563 templa
1126 3495 1210 3544 Isidis:
1228 3505 1254 3544 nt

202 3578 273 3631 prope
289 3567 426 3617 Suburrum.
452 3568 587 3618 Crorruos.
614 3569 703 3619 Similis
753 3586 828 3620 eerruo
838 3569 878 3619 bic
888 3570 920 3619 de
930 3570 972 3619 illo
983 3570 1070 3635 egitur,
1081 3569 1145 3636 quod
1161 3571 1254 3619 eratin

204 3636 300 3690 Poeciln
321 3641 385 3708 apud
409 3641 569 3692 Athenienses
589 3643 702 3708 porticoi3
753 3645 843 3710 Campo
871 3645 970 3702 Martio,
999 3661 1072 3711 prope
1098 3653 1168 3706 septo,
1198 3658 1253 3709 quse

203 3721 269 3762 munt
286 3714 320 3764 ibi
334 3714 506 3765 ambulationes
524 3716 701 3766 ommnissirnro.
753 3717 818 3767 Ooile
833 3717 954 3782 quondum
972 3717 1039 3766 dicta
1056 3725 1119 3774 mut,
1138 3716 1253 3781 quodibi

203 3784 375 3838 Bounomos.
407 3789 477 3839 Hunc
493 3807 508 3839 a
522 3790 617 3839 Nerone
637 3789 701 3839 diru-
751 3792 904 3857 populus,ud
917 3791 1031 3841 creandos
1042 3790 1254 3854 magistratuum·

204 3865 251 3908 lum
268 3862 354 3920 ierunt,
371 3879 420 3928 quo
435 3864 507 3914 letius
522 3865 619 3914 domum
634 3881 701 3914 suem
751 3865 787 3914 lut
796 3865 902 3914 inclusus
912 3873 1042 3929 cogeretur.
1076 3864 1147 3913 Unde
1162 3865 1253 3914 Jureu.

203 3948 294 3982 ouem
304 3935 458 3998 extenderet3
474 3937 516 3987 sed
532 3954 548 3988 s
563 3938 701 3988 Domitiano
752 3939 783 3987 vi.
794 3939 856 3988 529:

203 4006 345 4057 motuum.
379 4009 469 4060 Διιιιι.
1024 4011 1255 4077 UttporgotinAEde

237 4079 278 4130 ⁷³.
295 4083 393 4146 Qudque
406 4100 492 4145 peroro
507 4086 606 4149 neem]
628 4086 703 4134 Porti·
788 4086 863 4144 leidis,
884 4089 979 4150 antiquo
999 4105 1046 4150 pue
1063 4088 1164 4149 prosim
1178 4089 1254 4151 surgit

205 4154 386 4220 cumdpouinu
396 4156 499 4206 Pnletini
511 4157 627 4222 intellige.
819 4158 891 4207 Ouili.
1129 4158 1221 4211 Διιιιι.

238 4226 278 4276 76.
293 4229 408 4293 Cultaque
428 4229 507 4280 Judeo
524 4235 615 4293 septimo
637 4248 701 4278 soora
849 4232 926 4296 032
