2896 4980
495 395 755 465 Ennomus.
778 396 849 463 ΕΡ.
872 399 943 466 XI.
1177 406 1243 475 1ae

202 569 345 648 Nescis
360 595 447 670 quie
464 570 605 648 faceret
622 571 766 646 subitos
783 571 874 644 mihi
892 594 1026 648 caussa
1042 575 1202 668 dolores,

251 685 302 760 Et
319 688 421 762 rudis
440 688 488 762 ad
505 699 648 786 partus,
667 699 706 762 et
723 713 818 762 nova
834 689 941 763 miles
959 714 1073 765 erum.

202 801 238 877 N
241 827 286 878 ec
302 804 407 878 tenui
425 828 566 879 vocem.
621 803 734 890 Quid,
754 804 818 891 ait,
834 815 900 879 tua
915 806 1072 880 crimina
1088 810 1241 906 prodis?

251 919 406 1019 Oraque
423 921 619 995 clamantis
637 922 789 994 conscia
806 922 942 1019 pressit
960 945 1065 995 anus.
1193 931 1242 1000 50

200 1033 301 1121 Quid
319 1036 454 1110 faciam
471 1036 626 1111 infelix?
653 1037 815 1134 gemitus
832 1036 937 1109 dolor
954 1037 1066 1111 edere
1083 1040 1206 1136 cogit3

252 1151 330 1227 Sed
347 1152 470 1238 timor,
490 1162 529 1241 et
546 1152 683 1238 nutrix,
703 1162 742 1226 et
758 1152 880 1250 pudor
896 1152 990 1251 ipse,
1008 1164 1149 1228 vetant.

201 1266 387 1344 Contineo
406 1270 579 1365 gemitus
599 1270 804 1367 elapsaque
820 1269 935 1342 verba
951 1271 1156 1368 reprendo:

252 1382 303 1459 Et
319 1408 433 1483 cogor
449 1386 621 1460 lacrimas
639 1386 854 1459 combibere
876 1385 959 1483 ipsa
975 1409 1091 1459 meas.
1193 1392 1241 1463 54

200 1496 307 1574 Mors
325 1511 406 1576 erat
422 1511 510 1575 ante
527 1502 677 1590 oculos3
706 1514 745 1576 et
768 1525 879 1599 opem
899 1499 1041 1575 Lucina
1056 1504 1239 1600 negabat:

251 1613 303 1689 Et
318 1639 442 1713 grave,
462 1617 492 1690 si
511 1641 684 1703 morerer,
701 1640 801 1690 mors
819 1639 972 1714 quoque
989 1616 1131 1691 crimen
1148 1630 1239 1695 erat.

202 1727 301 1805 Cum
320 1732 669 1831 superincumbens,
689 1733 807 1807 scissa
824 1733 1027 1831 tunicaque
1044 1758 1239 1834 comaque,

250 1843 390 1923 Pressa
406 1848 570 1923 refovisti
587 1860 743 1948 pectora
755 1859 882 1923 nostra
897 1849 985 1922 tuis.

201 1957 255 2034 Et
270 1963 373 2050 mihi,
391 1963 486 2039 Vive
504 1990 619 2053 soror,
638 1991 741 2041 soror
757 1968 781 2040 ὁ
797 1967 1001 2054 carissima,
1019 1967 1128 2056 dixti,

250 2077 364 2154 Vive:
393 2104 463 2155 nec
480 2082 591 2154 unius
608 2106 764 2180 corpore
781 2083 898 2182 perde
914 2083 1021 2158 duos.
1192 2089 1242 2159 60

202 2193 302 2295 Spes
318 2197 418 2271 bona
433 2199 500 2272 det
514 2199 632 2273 vires:
662 2199 764 2273 fratri
782 2223 867 2272 nam
885 2209 1003 2298 nupta
1018 2197 1143 2273 futura
1159 2223 1214 2274 es.

250 2310 368 2401 Illius,
387 2338 428 2388 es
445 2316 494 2390 de
512 2340 588 2412 quo
605 2326 737 2402 mater,
755 2325 795 2390 et
812 2340 905 2389 uxor
922 2316 1007 2389 eris.

199 2425 353 2504 Mortua
368 2431 498 2527 (crede
516 2432 625 2526 mihi)
641 2442 769 2505 tamen
786 2431 834 2505 ad
852 2440 918 2504 tua
933 2430 1048 2504 verba
1064 2429 1203 2519 revixi3

250 2541 301 2619 Et
317 2546 481 2644 positum
499 2557 559 2621 est
576 2547 670 2621 uteri
688 2547 830 2620 crimen
848 2568 1017 2643 onusque
1035 2544 1122 2616 mei.

200 2658 301 2746 Quid
317 2661 387 2735 tibi
404 2662 587 2759 gratarisl
614 2663 739 2736 media
755 2664 863 2736 sedet
880 2660 1008 2733 AEolus
1026 2660 1132 2734 aula:
1190 2664 1240 2735 65

249 2775 418 2851 Crimina
434 2788 523 2852 sunt
538 2779 657 2854 oculis
677 2776 918 2878 subripienda
934 2774 1064 2874 patris.

200 2891 385 2993 Frugibus
403 2895 595 2983 infantem,
614 2897 805 2994 ramisque
820 2893 979 2967 albentis
997 2891 1117 2978 olivae,

247 3008 300 3085 Et
316 3011 462 3086 levibus
478 3012 581 3087 vittis
599 3012 732 3087 sedula
747 3009 847 3084 celat
863 3032 978 3083 anus:

159 3334 160 3337 ’
229 3330 271 3381 68.
290 3329 425 3394 Cestium]
445 3330 555 3381 conduco
570 3340 619 3380 tres
630 3331 693 3380 libri.
744 3339 790 3380 cet.
808 3328 903 3378 Phudr.
914 3327 931 3377 i.
945 3329 983 3376 18.

197 3402 330 3456 nunnus
362 3404 508 3471 Recepimus
523 3405 694 3472 hanescriptu-
777 3403 841 3452 Oura
852 3412 941 3452 soture
951 3401 1222 3462 monosemi.

197 3492 256 3538 m,
265 3495 339 3546 quam
356 3487 382 3528 et
394 3479 473 3528 Aldus
490 3480 620 3546 expressit:
638 3497 694 3529 uam
744 3477 793 3528 Ubi
804 3477 857 3526 vids
867 3492 921 3542 qus
933 3473 1075 3525 notavimus.
1092 3483 1117 3521 st
1126 3471 1161 3520 ita
1174 3472 1241 3521 Gre-

196 3551 260 3604 idn
276 3553 502 3619 usquedum,
513 3555 577 3604 exire
594 3571 640 3603 nou
651 3571 693 3619 pu-
743 3568 784 3601 cos
802 3550 836 3600 uti
854 3552 926 3599 verbo
941 3548 1077 3613 ἀποτὶθημι
1093 3544 1176 3596 docuit
1189 3547 1242 3593 Ste-

197 3626 251 3679 t'm
283 3628 405 3691 Bmssdo
422 3644 477 3677 vero
497 3629 603 3693 elegans,
626 3628 693 3693 quasi
743 3626 838 3691 pharius
853 3624 883 3673 sd
894 3622 991 3674 Gallim.
1004 3621 1078 3686 Hym.
1097 3620 1189 3669 inJov.
1204 3620 1242 3667 1⁵.

196 3701 368 3768 ptenitsretst
381 3703 432 3767 jum
448 3701 645 3752 dictsmmhere
664 3718 693 3751 ex
743 3701 906 3749 ctDismb.
940 3698 1030 3746 Bunu.

197 3775 347 3842 fqtvcllct·
380 3776 470 3825 Burin.
776 3774 818 3823 87.
836 3773 966 3821 Frontibus
981 3767 1116 3835 infantem]
1135 3765 1243 3829 Scaliger

226 3853 269 3903 66.
287 3851 353 3901 nm
362 3850 611 3917 mtgrsoscrimen]
630 3847 695 3907 Quia
744 3846 857 3897 ecodice
874 3861 916 3893 suo
935 3848 1102 3892 annumerat:
1126 3839 1243 3903 Frugibus

196 3939 244 3976 sorr
258 3925 388 3993 potuissem
402 3925 460 3974 mori
478 3925 529 3973 sine
546 3922 653 3979 infamia,
668 3922 694 3969 in
734 3922 865 3987 ‚infantem
877 3920 987 3979 ramisque
1002 3915 1098 3962 abaco
1113 3914 1183 3967 olim,
1194 3912 1242 3960 tce.

196 3999 374 4066 tabemquo
387 3997 470 4050 luisset
480 3999 601 4063 cognitum
616 3996 695 4044 scelus
743 3996 814 4045 Diu.
826 3995 957 4042 Heinsius.
985 3986 1243 4052 Fmgibusl'utssusus

195 4088 284 4126 m.
743 4067 840 4134 optime.
857 4066 948 4114 Molem
955 4057 1242 4122 salsamintellige‚qusm

226 4149 269 4199 6⁴.
288 4149 321 4198 Et
332 4150 433 4213 positum
453 4146 510 4211 aa]
536 4141 695 4198 normensis
744 4157 812 4191 sucre
827 4141 924 4190 tactura
935 4135 960 4186 iu
970 4141 1079 4202 prompa
1089 4142 1140 4183 csse
1150 4139 1241 4198 sporta.

195 4226 362 4289 &spasmus
377 4224 450 4273 steri.
467 4219 532 4286 quod
550 4235 597 4270 nou
613 4216 695 4282 displi-
744 4216 795 4267 bat·
