2896 4980
195 293 261 359 aar
491 290 530 355 Ρ.
554 286 715 355 ovum
739 252 951 357 nasonis

202 462 346 537 Ennius
364 474 444 538 arte
461 486 605 550 carens,
624 462 859 560 animosique
876 460 1017 536 Accius
1032 462 1121 549 oris,

252 580 438 653 Casurum
456 580 557 653 nullo
574 590 743 677 tempore
760 602 897 653 nomen
915 578 1068 653 habent.
1189 583 1234 651 20

201 686 408 769 Varronem
424 695 660 794 primamque
677 705 796 769 ratem
813 717 900 792 quoe
918 693 1064 769 nesciat
1079 702 1181 781 etas,

252 809 454 908 Aureaque
471 810 624 884 AEsonio
642 821 748 907 terga
763 810 882 909 petita
899 810 1014 884 ducil

112 1004 128 1027 ι,
203 924 382 1000 Carmina
399 926 569 1000 sublimis
586 938 675 1000 tunc
694 938 783 1000 sunt
799 926 965 1024 peritura
982 924 1145 1011 Lucreti,

253 1038 380 1114 Exitio
397 1053 515 1116 terras
532 1067 618 1115 cum
636 1043 742 1116 dabit
758 1067 834 1116 una
849 1042 945 1116 dies.

201 1156 367 1254 Tityrus,
386 1170 426 1232 et
441 1158 580 1254 fruges,
599 1157 807 1256 AEneiaque
825 1182 929 1234 arma
945 1158 1129 1254 legentur,
1150 1166 1156 1179 '
1190 1157 1233 1227 25

253 1271 388 1359 Roma,
407 1274 625 1373 triumphati
642 1276 733 1348 dum
751 1286 867 1372 caput
883 1274 985 1348 orbis
1002 1272 1090 1346 eris.

203 1386 334 1462 Donec
353 1399 462 1462 crunt
479 1390 585 1486 ignes
603 1413 789 1488 arcusque
808 1388 1007 1486 Cupidinis
1026 1409 1139 1471 arma,

255 1504 458 1579 Discentur
474 1507 631 1591 numeri,
651 1506 751 1579 culte
769 1504 931 1590 Tibulle,
950 1502 1019 1576 tui.

203 1620 336 1695 Gallus
354 1634 393 1696 et
410 1621 617 1721 Hesperiis,
637 1633 676 1696 et
694 1621 827 1695 Gallus
846 1630 956 1694 notus
976 1617 1081 1702 Eois,

254 1735 305 1809 Et
322 1762 391 1810 sua
407 1762 493 1811 curn
513 1739 625 1812 Gallo
642 1748 732 1811 nota
750 1736 904 1835 Lycoris
922 1735 1005 1808 crit.
1191 1734 1233 1802 30

204 1848 317 1947 Ergo,
337 1877 424 1926 cum
442 1855 579 1941 silices,
598 1880 684 1929 curn
703 1854 797 1927 dens
815 1850 993 1950 patientis
1011 1847 1135 1934 aratri,

256 1964 473 2063 Depereant
490 1993 580 2056 aevo,
600 1969 767 2043 carmina
782 1976 902 2040 morte
919 1973 1064 2039 carent.
1185 1966 1188 1971 ’

204 2079 355 2155 Cedant
371 2085 597 2157 carminibus
617 2084 758 2181 Reges,
778 2083 1005 2180 Regumque
1022 2074 1217 2176 triumphi:

255 2195 379 2270 Cedat
396 2208 435 2272 et
452 2200 599 2274 auriferi
618 2202 699 2299 ripa
716 2201 828 2274 beata
844 2196 952 2294 Tagi.

204 2309 304 2386 Vilia
320 2312 474 2386 miretur
491 2315 636 2411 vulgus.
666 2314 757 2387 mihi
775 2314 892 2387 flavus
910 2310 1049 2408 Apollo
1195 2306 1236 2377 35

254 2426 400 2500 Pocula
417 2427 593 2502 Castaliae
612 2430 725 2526 plena
742 2428 926 2501 ministret
944 2448 1066 2522 aquae,

240 2680 277 2728 19.
294 2682 395 2728 Arimazi
406 2680 472 2743 oris]
485 2679 531 2728 Vel
542 2688 636 2745 propter
646 2681 701 2728 sub·
753 2688 803 2726 tum
815 2676 904 2724 Pobma
913 2674 944 2722 ab
961 2671 1029 2721 initio
1039 2668 1204 2727 denominare,
1218 2672 1241 2713 ut

204 2754 328 2803 limitatam
345 2752 466 2811 carminis,
478 2753 516 2802 vol
534 2764 627 2820 propter
641 2754 702 2802 fidu·
752 2756 811 2799 iram
828 2751 934 2804 Achillis,
955 2746 1035 2796 Iliada
1052 2759 1148 2793 vocares
1167 2749 1240 2789 notu

204 2826 266 2875 ciam
276 2827 363 2884 auide
382 2826 642 2892 quavidei'al.ll1ax.
660 2827 702 2874 lib.
752 2834 795 2873 est.
829 2825 918 2873 Bran.

204 2899 238 2949 iii.
258 2916 312 2966 cap.
333 2901 382 2949 viii.
402 2918 432 2949 ex
457 2900 484 2948 ii.
519 2902 702 2949 brassicanus.
784 2900 824 2946 28.
858 2893 1008 2956 Discentur]
1047 2891 1088 2940 Ite
1112 2886 1241 2954 legenda.

205 2976 336 3023 Animorum
346 2992 369 3023 or
379 2975 570 3034 estviolentum3
586 2974 637 3022 vid.
648 2974 701 3022 inlr.
752 2970 868 3036 quidquid
887 2969 981 3019 codices
997 2967 1135 3021 obturbent,
1151 2974 1242 3027 quom

204 3046 235 3095 sd
247 3047 289 3096 lib.
300 3048 326 3095 ii.
339 3049 407 3111 Eleg.
418 3047 474 3095 xvii.
491 3048 515 3095 7.
530 3047 586 3095 hinc
596 3049 702 3097 Atracem
752 3044 830 3100 multi,
840 3047 955 3092 dicentur.
972 3055 1027 3089 nam
1043 3037 1112 3103 pueri
1126 3045 1151 3085 et
1165 3032 1243 3100 puell!

205 3129 284 3169 vocat.
296 3122 340 3169 lib.
351 3122 376 3169 ii.
385 3121 457 3170 Trist.
469 3123 526 3170 359.
752 3117 789 3165 bis
799 3115 941 3165 carminibus
951 3113 1128 3166 imbuebantur,
1139 3107 1173 3157 sic
1182 3104 1242 3172 puel·

236 3195 277 3242 25.
296 3194 410 3257 Tityrus]
430 3194 524 3258 Virgilii
534 3193 648 3243 Bucolica
656 3193 700 3258 sig·
753 3194 782 3242 lis
793 3190 942 3241 commendat
952 3187 1076 3236 Tibullum
1084 3183 1180 3232 iii.Art.
1191 3179 1243 3229 8³⁴·

206 3263 295 3313 nificat.
327 3267 366 3314 Sic
378 3267 422 3314 lib.
434 3267 467 3313 iv.
480 3269 518 3315 Dc
529 3268 620 3315 Ponto:
753 3275 778 3316 et
788 3265 835 3330 legi
847 3281 901 3313 eum
910 3262 997 3328 passim
1005 3259 1066 3309 dicit
1076 3259 1103 3307 ii.
1112 3257 1183 3307 Trist-
1192 3254 1244 3303 463·

241 3337 335 3400 Tr'tprnr
345 3345 450 3402 antiquas
460 3351 482 3388 et
492 3352 542 3388 erat
553 3344 591 3403 qui
603 3352 702 3403 pasceret
754 3343 842 3389 Burni.

271 3412 358 3459 Μαί·
602 3413 670 3461 Cror.
785 3415 826 3461 29.
845 3411 918 3459 Notus
929 3408 1006 3471 Eois]
1025 3407 1066 3455 lte
1076 3406 1092 3454 l.
1103 3404 1156 3453 Art
1167 3402 1223 3452 5³7.

240 3484 271 3531 Et
289 3484 391 3548 segetes]
413 3484 534 3548 Etfruger
550 3485 657 3534 meliores
673 3487 702 3533 li·
790 3483 955 3548 l'aperetilooe
963 3480 1168 3543 novaechorido
1178 3486 1247 3525 terre·

205 3557 250 3606 bri.
274 3558 362 3605 rectius
385 3556 448 3604 haud
466 3555 547 3612 dubio,
570 3574 616 3621 quo
635 3574 702 3606 omne
754 3560 831 3611 Credo
848 3555 1211 3623 propterPraelectursm,qum
1224 3550 1247 3597 it

206 3631 341 3696 Georgicon
358 3639 521 3694 argumentum
534 3641 570 3678 est
581 3631 700 3695 complex·
755 3635 860 3697 AEgypto
877 3634 988 3692 gesserat,
1003 3641 1059 3689 qua
1074 3624 1105 3674 sd
1120 3622 1245 3673 Orientem·

206 3722 247 3755 us:
267 3706 355 3771 Fruges
364 3705 427 3753 enim
438 3703 502 3753 etad
513 3705 620 3751 arborum
632 3704 703 3753 loetus
754 3707 850 3753 Douzr.
884 3698 1026 3750 Vidadiii.
1037 3698 1120 3746 Amor.
1130 3695 1213 3744 ista

205 3781 376 3830 referebantur.
411 3780 542 3827 Hmrsrrs.
581 3778 628 3826 Sed
649 3793 703 3826 cum
787 3780 827 3827 st.
846 3775 925 3841 Tagi]
943 3773 1037 3836 Tagus:
1056 3770 1143 3819 fluvius
1159 3766 1246 3847 “ms

206 3856 402 3903 triaPoiimntum
422 3851 530 3901 Maronis
547 3851 662 3916 principia
678 3851 702 3898 in
754 3851 853 3905 sitaniae,
874 3850 904 3896 ob
925 3860 1009 3896 arenas
1030 3844 1144 3895 auritatae
1162 3848 1248 3889 cetus

207 3944 279 3977 unum
291 3939 370 3993 cogat,
383 3928 476 3977 videtur
495 3924 558 3973 baud
570 3934 658 3973 temera
668 3942 701 3972 sc-
755 3925 861 3989 ejusdcm
873 3919 974 3987 regionis
986 3917 1096 3968 amnibus
1106 3922 1163 3965 ante
1173 3913 1248 3962 tutan

205 4013 265 4065 getes
275 4002 457 4068 repudiandum.
474 4001 581 4050 solebant
591 3998 653 4048 enirn
665 4008 698 4046 to·
