2896 4980
452 394 714 468 Ennomus
738 396 810 464 ΕΡ.
833 397 896 466 IV.
1153 406 1197 473 ‹ss

154 573 353 672 Quemque
362 584 499 649 vocant
515 574 597 648 aliae
613 573 757 648 vultum
775 572 1014 674 rigidumque
1031 587 1195 656 trucem-

202 687 278 764 Pro
295 689 427 787 rigido,
447 687 619 765 Phaedra'
621 687 763 786 judice,
782 687 997 766 sonuerat.
1086 697 1194 794 [que,

153 804 240 879 Sint
255 807 385 905 procul
403 830 427 880 a
443 805 551 879 nobis
564 807 735 903 juvenes,
755 816 797 879 ut
814 805 963 895 semina,
982 811 1109 887 comti.
1146 817 1195 890 75

203 921 294 998 Fine
312 924 384 997 coli
401 924 549 997 modico
566 922 686 997 forma
700 922 814 995 virilis
832 935 945 998 amat.

151 1038 206 1113 'fe
223 1048 310 1114 tuus
329 1040 399 1113 iste
417 1040 527 1137 rigor,
547 1039 736 1138 positique
754 1037 834 1114 sine
852 1050 932 1116 arte
950 1043 1088 1141 capilli,

203 1154 254 1229 Et
270 1156 361 1229 levis
381 1156 530 1253 egregio
548 1156 669 1255 pulvis
687 1156 726 1228 in
743 1180 807 1231 ore
824 1156 946 1232 decet.

152 1271 240 1345 Sive
257 1270 390 1345 ferocis
409 1273 497 1371 equi
514 1268 695 1346 luctontia
712 1274 811 1347 colla
828 1298 1020 1365 recurvas;

201 1385 351 1484 Exiguo
368 1387 487 1462 flexos
505 1387 617 1461 miror
629 1388 667 1461 in
685 1390 775 1463 orbe
791 1390 922 1488 pedes.

154 1503 231 1577 Seu
247 1513 395 1577 vastum
411 1503 534 1579 valido
551 1515 704 1603 torques
722 1507 857 1582 hastile
874 1508 1032 1585 lacerto:

201 1618 280 1693 Ora
296 1619 400 1693 ferox
418 1619 457 1692 in
475 1643 517 1693 se
533 1644 641 1695 versa
657 1622 817 1698 lacertus
835 1626 962 1699 habet.

152 1735 239 1810 Sive
256 1745 364 1811 tenes
382 1735 458 1810 lato
475 1739 660 1812 venabula
676 1763 813 1814 cornea
828 1740 938 1815 ferro.

147 1927 149 1931 Α
200 1852 387 1951 Denique,
406 1863 534 1928 nostra
545 1857 653 1953 juvat
665 1856 817 1943 lumina,
836 1857 1022 1956 quidquid
1040 1883 1142 1957 agos.

147 1966 206 2041 Tu
224 1968 335 2042 modo
352 1969 528 2043 duritiem
546 1971 647 2045 silvis
664 1971 811 2070 depone
824 1973 991 2070 jugosis:
1106 2041 1109 2046 .
1144 1982 1192 2052 85

198 2083 235 2158 N
237 2108 287 2158 on
303 2110 386 2159 sum
403 2087 559 2162 materia
575 2087 690 2186 digna
706 2089 828 2187 perire
845 2097 922 2162 tue.

1145 1401 1194 1470 80

145 2309 221 2367 popae
228 2301 408 2352 inscribebatur.
424 2301 643 2370 Menimernntejus
725 2306 767 2356 60.
784 2304 1192 2370 Inorbe.]Volseusbiesdmodnm

146 2390 193 2423 non
208 2392 255 2424 uno
271 2375 323 2424 loco
339 2377 446 2424 Stobeus
458 2384 483 2425 et
497 2377 641 2442 Hesychius.
693 2377 786 2445 ineptit,
796 2379 837 2445 qui
853 2381 948 2446 cyclum
961 2381 1062 2429 ferreum
1076 2380 1191 2446 iuterpre-

146 2450 237 2500 Herus.
254 2451 299 2500 boc
309 2450 403 2499 nomine
414 2451 644 2516 interintegrssnne
693 2461 764 2511 tetur,
783 2452 808 2503 in
830 2469 877 2518 quo
897 2453 972 2519 pedes
993 2454 1068 2518 figunt
1089 2454 1191 2517 equites,

144 2532 181 2573 est
196 2524 322 2591 Euripidis,
333 2524 375 2573 sed
391 2524 491 2591 perdite,
501 2527 570 2592 cujus
579 2525 642 2591 lng-
692 2543 752 2591 quos
767 2526 861 2591 ignotos
871 2526 944 2576 luisse
961 2527 1006 2576 hoc
1022 2533 1126 2592 tempore
1140 2543 1191 2577 eer-

144 2606 224 2648 menta
238 2608 372 2663 supersunt,
383 2607 480 2648 vocetur
489 2598 643 2659 Ἱππόλυτος
692 2607 742 2648 tum
764 2608 809 2648 est.
831 2598 886 2648 vide
906 2600 1015 2648 Tenent.
1037 2597 1068 2647 sd
1091 2599 1191 2652 Sueten.

144 2673 341 2739 καλυπόμενος,
349 2688 448 2738 querum
456 2673 507 2723 hee
518 2672 563 2723 luit
569 2672 641 2739 prior.
692 2672 771 2738 cuig.
781 2675 806 2722 3.
814 2673 897 2738 Ampl.
907 2673 987 2738 cuper
998 2671 1029 2720 od
1038 2673 1149 2722 Instsut.
1159 2673 1191 2724 de

144 2762 218 2812 quare
233 2746 268 2795 its
285 2745 364 2804 dicte,
381 2755 406 2795 et
421 2763 452 2795 sn
469 2746 555 2795 diversi
572 2764 642 2812 argu·
691 2747 767 2796 Most.
776 2747 872 2796 Perseo.
881 2762 905 2795 ο.
914 2750 940 2796 6.
951 2755 976 2795 et
987 2747 1190 2799 Dresemadlos.

143 2820 217 2870 menti
229 2819 316 2869 luerint
329 2819 424 2886 egregie
437 2820 542 2887 Bentlej.
562 2821 641 2886 Epist.
691 2819 771 2869 lsesn.
783 2820 814 2869 de
829 2820 888 2869 bell.
899 2821 963 2887 Troj.
975 2838 1000 2868 v.
1011 2821 1069 2869 261.
1087 2821 1117 2870 ln
1132 2825 1191 2881 orbs,

144 2895 174 2945 sd
184 2895 290 2944 Millinm
300 2912 326 2961 p.
336 2897 377 2944 31.
387 2895 501 2960 disputet.
509 2903 574 2944 certe
582 2895 642 2944 nibil
693 2904 729 2943 est
739 2898 765 2943 tn
774 2911 844 2960 gyro:
860 2893 948 2943 Verius
958 2895 1034 2943 Poeta
1044 2904 1112 2945 vetus
1126 2898 1191 2962 epnd

142 2970 182 3019 bie
192 2969 275 3019 Ovidii
286 2969 352 3018 loeus
362 2969 393 3018 od
406 2969 501 3019 titulum
516 2985 597 3019 esrum
607 2969 642 3019 fs-
692 2968 801 3017 Macrob.
811 2968 844 3017 vi.
854 2969 932 3016 Satur.
944 2970 969 3016 2.
979 2976 1006 3017 ut
1012 2968 1123 3018 emendet
1132 2971 1191 3020 Tor·

143 3061 197 3094 cere
205 3044 262 3092 mibi
269 3043 371 3093 videtur.
381 3059 550 3093 nnmeoronsm
557 3045 642 3094 Diana
692 3048 754 3091 rent.
765 3041 796 3090 ad
807 3042 892 3090 Hosst.
903 3040 922 3089 i.
930 3042 982 3091 od.
991 3043 1016 3090 ll.

142 3120 211 3168 offert
222 3118 367 3185 Hippolytus
379 3117 443 3184 spud
456 3118 564 3183 Euripid.
577 3134 640 3167 vers.
723 3116 767 3188 Sed
777 3125 873 3181 angono
881 3118 947 3178 prius
956 3119 1007 3165 orbs
1016 3118 1111 3166 coisses.

142 3195 184 3243 73.
205 3193 246 3243 ubi
268 3192 317 3243 vid.
342 3194 442 3241 Bsrnes.
463 3192 489 3241 in
510 3191 640 3242 Eleusiniis
690 3190 750 3240 vid.
761 3190 848 3257 virgil.
863 3189 899 3240 iii.
913 3190 1003 3257 Georg.
1016 3191 1072 3241 116.
1085 3191 1190 3242 etalios.

143 3267 216 3316 Ceres
227 3265 433 3331 colebatur,cujus
447 3265 564 3331 mysteriis
574 3264 639 3314 initi·
1066 3267 1157 3317 Bosrs.

142 3340 218 3390 endns
228 3340 266 3391 vel
280 3349 418 3407 operaturus
434 3339 474 3389 bie
486 3339 640 3406 Hippolytus,
723 3340 765 3389 66.
784 3339 837 3388 Non
853 3357 902 3388 sum
918 3341 1015 3388 muteris
1031 3343 1103 3406 digno
1116 3345 1191 3405 pes-ire

142 3416 298 3465 conveniente
309 3414 383 3464 sacris
395 3414 479 3465 habitu
489 3413 591 3464 describi
607 3414 641 3463 vi·

142 3487 220 3538 detur.
254 3491 344 3538 Bunss.

173 3563 215 3613 tt.
235 3563 365 3627 Timent]
376 3563 461 3612 Senec.
473 3561 638 3628 Hippotem.

142 3638 195 3687 Nos
204 3655 244 3687 ors
252 3640 341 3704 tingens
346 3640 420 3686 nitida
427 3639 637 3700 purpureusrobor.

140 3711 185 3761 nisi
191 3713 266 3762 mavis
274 3715 388 3776 pinxerat.
395 3712 439 3761 boe
448 3711 511 3761 enim
519 3710 638 3760 distichon

140 3786 254 3852 expressit
264 3787 349 3835 Senec.
363 3785 437 3850 llipp.
449 3786 507 3835 660.

169 3861 367 3909 —Prsssersnt
378 3862 438 3908 uittae
448 3877 540 3916 comem,

172 3932 205 3982 Et
214 3951 253 3982 mu
257 3935 337 3998 fluores
347 3943 424 3982 tenera
439 3935 545 3999 pingebat
553 3933 638 3994 pudor.

515 4007 605 4054 Bonis.

172 4076 213 4126 76.
231 4077 398 4144 Modiesfise.]
412 4078 536 4144 Appmtu
544 4093 591 4127 non
602 4076 638 4125 ni·

691 3413 755 3478 tum]
769 3415 825 3462 Non
835 3430 887 3463 sum
898 3413 978 3479 digne,
990 3430 1043 3478 qum
1058 3432 1154 3480 peream
1164 3425 1190 3467 te

690 3489 812 3553 prebente
823 3502 851 3536 sc
865 3487 1033 3554 suppeditsute
1044 3503 1151 3538 caudens
1165 3500 1190 3539 et

689 3561 812 3610 meterism
823 3561 914 3610 mortis.
932 3562 1055 3626 elegentes
1064 3571 1089 3611 et
1104 3564 1189 3614 Lstine

688 3634 789 3684 dictum.
809 3649 853 3683 nec
874 3633 1027 3684 credidissem
1049 3634 1189 3702 interpreta-

688 3709 871 3772 tionisindigere
881 3708 944 3757 bunc
951 3709 1040 3764 locum,
1046 3709 1091 3757 nisi
1101 3710 1190 3760 invitus

687 3782 890 3848 deprehenderem
899 3781 1042 3847 Tenequillo
1053 3783 1137 3840 fabro,
1146 3783 1189 3832 bo·

688 3857 746 3906 mini
767 3856 867 3913 erudito,
890 3856 986 3921 nuperis
1005 3855 1031 3904 in
1053 3856 1190 3904 Lucretium

688 3929 931 3980 animadversionibus
951 3944 1008 3993 pag.
1026 3930 1084 3977 ¹180.
1103 3945 1188 3994 perpe·

688 4021 737 4054 rem
757 4005 835 4054 visum
856 4019 908 4053 esse
930 4001 1040 4066 castigari
1066 4011 1189 4067 oportere:
1295 4015 1297 4020 ·

689 4079 743 4128 Non
759 4094 807 4126 sum
822 4079 910 4125 duritia
920 4078 991 4142 digno
1001 4079 1076 4138 perire
1092 4084 1141 4133 tue,
1152 4075 1189 4124 id-

139 4149 196 4209 mio,
216 4160 243 4202 ut
261 4151 386 4202 mulieres:
403 4150 459 4201 ideo
474 4151 591 4217 imprimo
607 4149 638 4199 de
688 4169 736 4219 que
747 4149 908 4202 obnitentibus
915 4149 1190 4216 membnnis,qnotquot

138 4214 629 4292 instiusmmstmgteum.
689 4223 1192 4291 smesuntiuspeste.pretereseun
