2896 4980
192 309 257 376 4³8
487 309 523 374 Ρ.
547 307 709 375 OVIDll
731 307 945 375 NASONIS

531 599 757 672 ELEGIA
786 596 901 672 Xlll.

199 756 298 829 Cum
317 757 406 829 mihi
425 758 614 856 pomiferis
631 761 770 855 conjux
788 757 883 829 foret
900 767 982 829 orta
999 755 1179 845 Faliscis;

249 868 392 945 Moenia
408 874 632 970 contigimus
648 874 760 959 victa,
781 872 954 959 Camille,
970 873 1052 946 tibi.

200 986 319 1059 Casta
334 989 549 1063 sacerdotes
566 987 591 1060 J
593 989 707 1061 unoni
724 988 822 1062 festa
839 988 1024 1086 parabant

250 1100 325 1176 Per
341 1104 510 1178 celebres
527 1105 649 1191 ludos,
669 1105 961 1203 indigenamque
978 1105 1126 1177 bovem.

202 1216 354 1291 Grande
369 1243 481 1292 morae
499 1221 673 1319 pretium,
688 1221 781 1294 ritus
798 1242 1046 1318 cognoscere:
1074 1218 1247 1317 quumvis

251 1331 423 1407 Difficilis
440 1335 545 1408 clivis
562 1335 636 1408 huc
653 1336 714 1409 via
730 1336 877 1435 praebet
893 1335 976 1408 iter.
1222 1337 1247 1406 6

203 1448 288 1522 Stat
303 1458 424 1535 vetus,
444 1460 483 1523 et
498 1450 618 1523 deusd
637 1450 867 1549 praenubilus
887 1450 1019 1522 arbore
1035 1449 1156 1521 lucus.

251 1563 438 1662 Adspice;
468 1566 653 1639 concedas
672 1589 809 1638 numen
828 1564 951 1638 inesse
967 1563 1065 1636 loco.

203 1677 354 1776 Accipit
371 1703 436 1753 ara
451 1704 596 1778 preces,
615 1681 814 1776 votivaque
831 1690 915 1752 tura
931 1678 1102 1776 piorum;

253 1795 331 1867 Ara
347 1819 415 1892 per
432 1796 606 1892 antiquas
624 1795 724 1868 lacta
741 1794 820 1866 sine
839 1804 918 1866 arte
937 1815 1082 1866 manus.
1203 1794 1249 1862 lo

205 1905 304 1979 Hinc
323 1909 387 1980 ubi
405 1911 609 2007 praesonuit
626 1909 797 1983 sollemni
813 1908 908 1980 tibia
924 1916 1059 1994 cantu;

255 2020 292 2093 It
309 2045 376 2119 per
393 2022 534 2094 velatas
553 2047 676 2097 annua
693 2045 833 2121 pompa
846 2023 937 2095 vias.

207 2136 405 2209 Ducuntur
423 2135 553 2222 nivcae,
572 2138 712 2235 populo
732 2136 947 2235 plaudente,
961 2137 1147 2232 juvenca,

256 2248 360 2335 Quas
378 2249 471 2323 aluit
487 2252 630 2349 campis
646 2253 763 2325 herba
782 2251 929 2327 Falisca
944 2250 1044 2324 suis:

208 2365 258 2440 El
274 2365 392 2452 vituli,
410 2365 577 2440 nondum
594 2367 798 2440 metuenda
816 2366 936 2440 fronte
954 2365 1139 2452 minacem
1205 2366 1251 2436 15

257 2479 308 2553 Et
325 2482 445 2556 minor
461 2505 510 2555 ex
529 2481 658 2554 humili
675 2482 828 2554 victima
844 2505 980 2579 porcus
996 2480 1113 2552 barb:

243 2653 263 2700 l.
295 2652 384 2715 Coniux
410 2665 461 2710 orto
489 2652 608 2716 Faliscis]
643 2653 702 2702 Eam
753 2651 1033 2718 millum,quiVejentoa
1043 2649 1112 2698 vicit.
1146 2647 1218 2698 Cror.

209 2726 306 2774 Etruria
315 2734 405 2790 partem
416 2725 552 2775 incolebant
560 2726 653 2783 Falisci,
662 2726 703 2791 qui
787 2729 828 2775 14,
847 2727 910 2780 Quoi
919 2727 980 2773 oluit
990 2725 1075 2786 canapis
1084 2724 1153 2772 torto
1163 2721 1253 2771 Fauen

207 2797 301 2848 omnino
318 2798 404 2847 diversi
420 2815 434 2848 a
449 2797 584 2863 Tyrrhenia,
600 2799 704 2848 moribus
752 2801 820 2864 autu]
841 2799 933 2848 Plinius
951 2797 995 2847 lib.
1014 2797 1042 2845 ii.
1059 2813 1116 2863 cap.
1135 2797 1191 2845 10³.
1224 2795 1253 2844 lu

208 2882 233 2920 ct
242 2872 294 2937 ipso
308 2886 423 2929 sermone,
434 2888 506 2937 quam
523 2873 656 2921 interiorem
667 2871 703 2920 di·
755 2875 853 2931 Falisco,
863 2872 950 2937 inquit,
964 2871 1078 2919 Clitumoi
1092 2871 1168 2919 anab
1175 2879 1255 2932 potata

208 2946 303 3002 cebant,
313 2945 351 2993 vel
362 2944 570 2995 Mediterraneum.
604 2946 704 2995 Celebre
753 2964 821 3011 opta,
832 2948 1010 2996 candidatum
1018 2945 1093 3010 facit.
1127 2943 1192 2993 Cum
1208 2943 1253 3010 igi·

207 3016 272 3083 epud
288 3019 341 3067 illos
356 3018 371 3066 J
375 3018 457 3067 unonis
466 3018 561 3082 Argiva
572 3020 686 3084 templum
696 3037 704 3078 3
754 3029 793 3068 tnr
802 3020 902 3068 dixisset
912 3018 998 3067 Podta:

208 3101 232 3140 et
243 3093 299 3142 urba
311 3091 421 3157 princeps
431 3091 565 3140 Falerinum
576 3102 617 3140 ant
630 3092 704 3140 Falis-
786 3094 913 3141 Ducuntur
929 3093 1007 3146 aim,
1025 3091 1110 3152 populo
1123 3090 1257 3151 plaudente,

209 3179 272 3222 cum,
283 3181 338 3212 nam
349 3176 447 3230 utroquo
463 3165 556 3214 nomine
567 3167 704 3215 aStrabone
809 3171 926 3228 juranto.

210 3255 232 3286 v.
245 3240 268 3286 8.
279 3238 416 3301 designatur
422 3257 430 3299 3
447 3239 511 3304 qnod
523 3239 584 3287 male
593 3240 704 3304 interpre·
753 3240 838 3288 Statim
849 3236 984 3303 subjungit:

210 3320 273 3360 tatus
290 3311 366 3359 Solin.
386 3329 415 3360 ex
433 3329 481 3361 nna
496 3313 627 3377 eademque
645 3312 706 3362 dnus
790 3309 1089 3373 Quosulcitoompisberbu
1098 3307 1192 3357 Falisco
1202 3311 1257 3356 aab.

211 3385 298 3433 effecit.
316 3385 401 3432 Narrat
411 3396 489 3434 autem
497 3386 558 3434 Cato
566 3387 630 3450 apud
643 3386 707 3434 Plin.
756 3385 858 3435 Perinde
868 3401 896 3434 ac
906 3384 925 3434 oi
935 3383 1011 3432 dicat:
1029 3381 1122 3440 Quales
1131 3379 1257 3448 peculiari·

209 3457 243 3505 iii.
255 3461 280 3506 5.
300 3455 418 3506 conditam
435 3460 516 3507 urbem
533 3459 650 3508 Falerium
665 3469 707 3508 aut
757 3469 792 3508 ter
804 3459 829 3508 in
845 3474 901 3523 agro
916 3456 1008 3505 Falisco
1024 3456 1151 3512 habentur,
1164 3463 1259 3521 propter

213 3530 338 3585 Faliscum,
365 3531 394 3578 ab
418 3532 513 3588 llaleso,
535 3533 573 3579 vel
602 3532 706 3588 Halisca,
757 3549 851 3581 amnem
861 3532 1018 3585 Clitumnum,
1035 3529 1105 3593 cujus
1121 3543 1185 3594 aqua
1200 3544 1258 3578 can·

211 3604 707 3669 Agamemnoniscomite‚qui,adventante
757 3604 825 3653 didas
836 3604 901 3653 facit.
934 3604 1030 3650 Mrcun.

212 3680 236 3727 in
256 3677 351 3726 Italiam
369 3678 454 3732 AEnea,
469 3692 511 3740 pro
528 3678 607 3724 Turno
624 3687 706 3726 contra
790 3679 829 3726 16.
859 3677 889 3724 Et
912 3678 986 3723 minor
1006 3692 1032 3723 ιτ
1051 3676 1137 3723 bamili
1156 3677 1258 3730 viatim.

209 3753 321 3817 Trojauos
338 3750 412 3807 stetit,
432 3752 489 3799 AEn.
508 3751 549 3799 vii.
570 3752 627 3798 723.
645 3761 669 3799 et
690 3768 704 3800 a
752 3750 813 3814 dcc]
826 3751 887 3808 Qua
895 3753 991 3812 umjons
1000 3748 1113 3805 victimat,
1120 3765 1176 3814 quaa
1185 3752 1258 3797 nino·

212 3825 321 3874 Pallante
338 3823 429 3873 occisus
448 3833 491 3880 est,
502 3823 590 3871 ibidem
610 3826 703 3873 asoa
754 3824 897 3880 reaclivio
914 3832 939 3871 et
953 3822 1007 3871 aliis
1024 3823 1048 3871 in
1066 3830 1179 3887 promptu
1190 3822 1259 3872 oolli-

212 3900 318 3963 Pelasgia
328 3899 432 3947 Faliscos
445 3898 556 3947 adscribit
569 3898 641 3945 Dion.
654 3898 703 3945 lla-
753 3913 808 3958 gere
818 3907 863 3945 cst.
901 3897 1099 3944 Victimasautem
1117 3896 1257 3960 postuletu-

209 3973 276 4022 lici.
288 3976 328 4021 21.
361 3973 451 4021 Anna.
752 3968 967 4033 riam51edquum
979 3970 1003 4017 in
1020 3968 1259 4026 hostemirentdtoo·

242 4049 266 4094 2.
285 4046 369 4095 dianio
380 4050 513 4109 contigimus
523 4049 591 4101 uicta
601 4046 703 4100 Cnmiile,
754 4046 796 4090 tino
806 4042 968 4100 immolabant,
979 4042 1058 4107 inquit
1073 4043 1144 4091 Serv.
1156 4043 1188 4092 ad
1202 4043 1261 4092 AEn.

209 4119 273 4181 not]
291 4118 437 4185 Apostrophe
453 4119 483 4166 ad
500 4119 538 4167 Μ.
551 4117 646 4166 Furium
657 4118 703 4167 Ca·
755 4118 771 4164 i.
784 4118 842 4165 338.
875 4115 984 4173 Rectius,
1000 4117 1020 4165 si
1038 4119 1142 4166 victimas
1160 4117 1192 4167 de
1209 4132 1260 4166 ma-
