2896 4980
456 399 715 469 Eunomus,
738 400 809 468 ΕΡ.
822 400 896 468 Ν.

497 660 759 762 EPISTOLA
786 660 854 736 ru.

372 821 982 924 ruAEnsA'urrronuro.

153 1019 251 1109 Qua,
270 1023 342 1099 nisi
359 1036 400 1100 tu
417 1027 579 1115 dederis,
598 1028 760 1103 caritura
776 1038 835 1103 est
851 1029 947 1128 ipss,
965 1029 1127 1104 salutem

202 1137 324 1214 Mittit
340 1140 545 1217 Amazonio
564 1143 703 1218 Cressa
718 1143 845 1243 puella
859 1145 949 1218 viro.
1100 1145 1199 1242 [bitt

153 1253 314 1351 Perlege
324 1258 589 1358 quodcumque
601 1270 672 1334 est.
691 1260 784 1357 quid
794 1260 955 1358 epistola
971 1261 1073 1335 leoto
1086 1284 1198 1336 noee-

202 1370 258 1446 Te
269 1396 433 1471 quoque,
441 1374 557 1449 inhoc
568 1375 721 1473 aliquid,
730 1375 832 1473 quod
835 1376 954 1473 juvet,
966 1399 1051 1452 esse
1060 1385 1199 1476 potest.

152 1483 223 1560 His
242 1511 378 1562 means
392 1489 493 1564 notis
507 1502 606 1565 terra
621 1491 832 1589 pelagoque
847 1488 1036 1566 feruntur:
1173 1494 1199 1566 6

203 1602 363 1702 Inspicit
378 1615 554 1704 acceptos
571 1605 690 1680 hostis
708 1607 755 1680 ab
772 1606 882 1680 hoste
899 1616 1019 1681 notas.

152 1716 227 1794 Ter
243 1730 369 1794 tecum
386 1732 521 1796 conata
537 1722 652 1821 loqui,
670 1733 728 1798 ter
745 1722 886 1797 inutilis
903 1722 1014 1797 haesit

204 1833 360 1932 Lingua,
378 1847 436 1912 ter
453 1839 492 1910 in
509 1838 628 1937 primo
644 1837 790 1913 destitit
805 1861 871 1912 ore
883 1862 1010 1913 sonus.

154 1950 240 2036 Qus
255 1952 344 2026 licet
360 1964 400 2028 et
416 1955 596 2054 sequitur,
616 1955 736 2054 pudor
760 1964 819 2028 est
835 1952 1051 2029 miscendus
1068 1953 1198 2036 emori.

205 2068 341 2144 Dicere
359 2095 444 2169 quae
462 2073 607 2171 puduit,
626 2072 789 2147 scribere
802 2071 916 2169 jussit
932 2069 1062 2145 Amor.
1135 2074 1202 2145 .10

188 2303 211 2349 l.
229 2302 346 2360 eueniet
358 2313 387 2352 tu
396 2305 506 2369 dederis]
518 2305 618 2372 Regius,
626 2314 652 2357 et
740 2303 897 2369 Hsssesstm
906 2303 1202 2360 minimissimus-

152 2375 200 2425 duo
211 2376 251 2425 olii
263 2376 357 2426 codices
366 2395 373 2425 ε
768 2378 917 2444 quesersdot.

186 2450 261 2506 Quom
272 2454 550 2510 noitudederiemes
562 2457 652 2504 hatito·
736 2450 1189 2519 Destitilatupieiilikgtwiimflfi·

217 2542 252 2583 ra,
263 2527 371 2575 salutm*
701 2527 741 2576 Sic
759 2535 824 2594 puto,
843 2542 898 2576 cum
915 2525 941 2574 in
959 2523 1065 2590 quinque
1082 2521 1205 2574 codicibus

153 2598 224 2656 Quod
233 2599 392 2649 mihimollius
401 2600 473 2651 fluere
485 2600 585 2651 videtur.
597 2601 653 2653 huie
701 2601 742 2660 sit,
751 2604 790 2651 sed
803 2603 875 2650 stetit.
896 2597 995 2664 Vulgnti
1010 2598 1118 2647 substitit.
1130 2596 1204 2647 etim

152 2674 264 2739 Epistola
281 2674 375 2740 egregie
393 2676 513 2741 respondit
533 2676 654 2726 Sidronius
703 2691 750 2726 non
760 2675 832 2725 ursle.
843 2675 909 2723 Fest-
917 2672 962 2722 lib.
969 2672 987 2721 i.
995 2689 1019 2720 v.
1026 2672 1085 2721 5³0.

152 2748 290 2808 llossehius,
312 2750 377 2800 nullo
399 2752 526 2801 Podtsrum
550 2751 654 2811 inferior,
735 2749 841 2798 Substitit
861 2751 887 2796 is
908 2749 989 2796 ssedios
1004 2748 1100 2809 pressis
1122 2746 1205 2811 lingua

152 2823 242 2873 Busrs.
767 2839 838 2872 nuos.
1085 2859 1087 2863 -

185 2900 210 2947 8.
227 2897 307 2947 Terin
322 2902 394 2962 primo
404 2901 490 2949 destitit
507 2916 544 2949 ore
560 2900 651 2965 sonus]
705 2896 816 2946 Daistm
835 2911 877 2962 pro
901 2901 973 2952 stsre,
990 2899 1079 2943 testere
1103 2892 1205 2942 Plautus

152 2971 213 3020 Sunt
220 2971 261 3037 qui
272 2976 356 3022 restitit
363 2973 491 3039 legendum
498 2973 653 3024 contendent.
703 2986 799 3036 quoque
826 2969 888 3019 dixit
915 2967 1065 3018 Mostellaria
1084 2965 1143 3016 Act·
1166 2964 1203 3015 iii.

153 3043 219 3093 Inter
229 3061 288 3110 quos
306 3046 391 3096 Douzs
404 3055 429 3096 et
445 3046 654 3098 Sliehtenhorstius
702 3045 775 3094 soii.

153 3116 273 3181 quondm
283 3134 358 3167 meus.
374 3127 400 3167 et
412 3119 495 3168 inuno
513 3119 653 3169 lovaniensi
738 3120 801 3174 Quid
811 3118 1053 3166 illieobseetotnssdiu
1061 3115 1184 3165 destitisti?

153 3199 228 3240 extet.
245 3191 304 3242 Tres
311 3192 477 3250 alliceretitit.
498 3194 546 3242 Sed
557 3193 591 3243 nil
602 3211 652 3244 mu·
704 3193 738 3241 Ut
760 3190 906 3257 exemplaris
930 3190 1045 3240 nonnulle
1069 3188 1206 3256 metum

152 3266 261 3317 tendum.
294 3266 346 3316 Etsi
356 3276 495 3317 succurrunt
508 3269 551 3318 illa
561 3269 652 3319 lnods·
703 3265 837 3314 llnruuus.
855 3260 1206 3313 Sedrestititmihisnldeblan·

152 3340 221 3390 mie:
703 3339 776 3396 ditur,
791 3339 826 3388 ita
844 3342 945 3388 resistens
960 3348 984 3390 et
999 3339 1108 3387 ιώὺωω
1124 3339 1206 3394 mtto,

185 3414 274 3479 Smper
288 3418 314 3465 is
329 3418 363 3465 liis
377 3427 429 3479 apte
446 3420 568 3466 moestis
587 3419 653 3466 wis
703 3412 882 3472 Quinet.1i.2.
905 3411 1060 3479 Copolerreus
1069 3410 1163 3460 initium
1173 3412 1205 3461 E-

152 3492 267 3538 mutent.
703 3487 795 3554 pistolae
814 3488 844 3536 sb
864 3487 910 3536 hoc
927 3486 1030 3536 disticho
1050 3485 1160 3543 iniebat.
1180 3494 1207 3534 et

153 3563 310 3628 virgilianum
321 3580 416 3628 quoque
426 3563 505 3612 istud:
703 3560 863 3628 procedentis
877 3561 958 3626 spuria
974 3560 1094 3616 credebst.
1109 3560 1148 3609 vel
1158 3561 1205 3609 ssl-

185 3637 269 3700 lseipit
285 3638 362 3703 efferi,
379 3640 495 3701 medioque
510 3640 536 3686 is
550 3654 602 3686 voce
615 3654 652 3686 se-
704 3635 856 3686 tesnduobus
870 3634 961 3700 ejectis,
977 3635 1022 3684 hoc
1037 3642 1090 3699 post
1104 3633 1206 3699 primum
1235 3680 1238 3685 .

216 3714 285 3761 sistit.
704 3712 817 3777 ponebat.
850 3711 939 3759 Bunu.

153 3785 199 3834 Pro
215 3786 313 3851 vulgata
327 3786 391 3835 enim
408 3785 510 3836 lectione
523 3792 571 3834 stat
589 3785 655 3834 loeus
737 3786 763 3835 9.
782 3785 814 3833 Et
829 3783 953 3848 sequitur]
974 3783 1103 3847 Exponunt
1121 3795 1206 3829 eonve-

154 3859 203 3917 ille,
214 3860 316 3910 tuen
327 3878 352 3910 v.
362 3862 420 3910 uta.
705 3858 781 3915 niens.
797 3857 856 3906 utile
872 3864 918 3906 est.
933 3855 976 3906 sed
988 3854 1073 3903 melius
1083 3853 1159 3918 fusile
1175 3863 1208 3901 est

156 3934 201 3983 Ter
214 3943 295 3984 conata
307 3936 374 3998 loqui,
392 3944 427 3983 ter
442 3935 540 3983 destitit:
557 3948 654 3995 nuque
703 3932 818 3988 redditur,
839 3939 866 3980 ut
887 3931 992 3980 Gronov.
1011 3926 1134 3976 Distribes
1153 3926 1207 3976 sis-

219 4018 301 4071 quorto
704 4004 896 4069 tunonensis.
919 4002 1018 4061 Quinct.
1026 4000 1077 4049 viii.
1086 4000 1111 4049 6.
1124 4000 1207 4066 Refert

185 4080 537 4130 Nosoeulosalthussosustulit
544 4081 587 4129 illo
595 4095 654 4128 suos.
705 4089 781 4128 orrum
798 4081 944 4140 inquantum
959 4077 1035 4124 dietus
1051 4082 1128 4136 tropus
1146 4073 1206 4122 Ors-

155 4153 205 4205 Ulsi
213 4168 337 4222 perpetem
350 4154 432 4220 scripti
442 4154 558 4212 nonnulli,
571 4153 657 4218 elficit.
706 4164 776 4202 torem
786 4160 903 4215 squatus.
914 4151 982 4218 etrite
992 4148 1034 4197 ille
1041 4147 1138 4214 sepius.
1148 4147 1207 4199 th.

155 4225 502 4295 Epistolslmdstnba&
709 4224 897 4289 edlib.ii.csp.
911 4220 951 4273 14.
984 4223 1074 4273 Busss.
