2896 4980
193 400 259 464 luo
488 396 527 460 P.
551 392 710 461 ovlu11
734 388 949 459 NASONIS

535 729 795 806 EPISTOLA
824 728 895 802 XI.

420 945 658 1011 CANACE
690 943 1011 1009 MACARW

199 1165 240 1239 Si
258 1188 335 1263 qua
350 1176 475 1240 tamen
494 1167 605 1239 caecis
623 1165 799 1239 errabunt
817 1164 956 1261 scripta
972 1161 1111 1250 lituris;

248 1281 400 1356 Oblitus
418 1307 441 1355 a
457 1283 617 1356 dominae
635 1284 738 1355 eaede
756 1281 903 1354 libellus
921 1280 1003 1352 erit.

197 1394 343 1471 Dextra
356 1407 461 1472 tenet
477 1399 684 1485 calamum3
713 1398 883 1470 strictum
910 1404 1013 1468 tenet
1034 1394 1153 1467 altera
1168 1392 1240 1465 ser·

113 1504 118 1515 ’
248 1513 299 1587 Et
311 1516 415 1611 jacet
432 1516 470 1587 in
488 1516 628 1613 gremio
647 1515 777 1588 charta
794 1513 916 1585 soluta
932 1534 1029 1583 meo.
1126 1510 1238 1605 [rum,

198 1628 293 1703 Haec
311 1641 370 1703 est
386 1630 551 1705 AEolidos
570 1631 671 1706 fratri
690 1630 887 1704 scribentis
906 1629 1050 1723 imago:
1214 1628 1238 1698 5

251 1746 314 1818 Sic
332 1746 458 1819 videor
475 1748 569 1822 duro
587 1772 699 1846 posse
716 1749 866 1845 placere
884 1743 993 1841 patri.

199 1860 289 1961 Ipse
307 1862 410 1934 necis
428 1886 604 1961 cuperem
622 1872 759 1936 nostrae
777 1868 967 1959 spectator
984 1857 1156 1945 adesset3

250 1976 501 2073 Auctorisque
518 1979 636 2053 oculis
654 1978 867 2074 exigeretur
884 1996 992 2072 opuS.

202 2092 256 2166 Ut
271 2092 372 2166 serus
390 2102 459 2179 est,
480 2094 672 2191 multoque
691 2094 769 2165 suis
787 2088 1033 2164 truculentior
1051 2083 1175 2173 Euris,

252 2208 472 2306 Spectasset
488 2210 598 2283 siccis
616 2210 770 2283 vulnera
786 2217 915 2279 nostra
932 2202 1051 2300 genis.
1197 2202 1241 2273 10

203 2323 358 2398 Scilicet
375 2336 432 2400 est
449 2326 603 2424 aliquid,
623 2350 709 2399 cum
728 2325 835 2400 saevis
853 2323 976 2396 vivere
993 2318 1139 2393 ventis:

110 2422 119 2437 ”
250 2439 405 2536 Ingenio
423 2444 551 2540 populi
570 2443 745 2516 convenit
762 2441 824 2514 ille
842 2438 912 2512 sui.

215 2744 307 2793 'AEolic
317 2746 497 2809 AEolr'dc,quum
509 2764 554 2795 uon
564 2749 629 2797 tuter
640 2751 696 2811 ipra,
746 2746 837 2794 nullum
854 2743 893 2792 hic
906 2743 1013 2797 verbum,
1025 2738 1090 2805 quod
1107 2756 1155 2791 non
1171 2738 1243 2790 adno-

295 2822 392 2869 satutem
746 2818 973 2869 tandumvideatur:
985 2816 1005 2864 ri
1016 2830 1070 2880 qum
1079 2824 1243 2881 ptumum

265 2893 351 2949 Mittit,
369 2903 392 2942 et
412 2906 502 2943 armata
525 2899 593 2945 verbu
617 2908 697 2946 notata
746 2894 814 2943 mitto
840 2893 893 2949 tibi,
916 2891 1038 2959 Epistola,
1060 2892 1180 2947 anot-e,
1199 2906 1244 2941 m

295 2986 376 3016 manu.
748 2985 816 3017 cuum
827 2967 932 3017 ordinem
940 2966 1076 3020 servabunt.
1084 2962 1244 3015 necinucih

200 3038 299 3089 Variant
319 3040 345 3089 in
365 3040 402 3088 his
419 3041 517 3090 vocibus
539 3044 640 3099 codices,
657 3044 700 3093 sed
748 3042 866 3107 legentur,
874 3049 967 3108 propter
975 3055 1042 3087 cecat
1052 3038 1144 3093 litum,
1152 3052 1245 3087 cauam

200 3121 328 3177 utcumque
349 3112 404 3169 sint,
422 3112 548 3177 ablegaudi
570 3116 600 3164 ad
620 3132 699 3165 mona·
749 3116 849 3165 senties:
868 3116 958 3163 libellus
968 3115 1051 3161 oblitus
1068 3111 1122 3168 erit,
1135 3110 1244 3169 i'oedntu,

200 3185 297 3234 chorum
308 3187 423 3236 officinas.
440 3188 531 3237 Burin.
749 3189 891 3246 maculatus,
904 3185 1028 3237 adomimc
1040 3188 1113 3245 ταὼς
1129 3185 1187 3250 quia
1193 3200 1245 3251 qua

748 3262 839 3318 scribit,
852 3262 925 3311 vitam
941 3260 1011 3309 simul
1022 3268 1048 3307 et
1057 3274 1117 3324 opus
1132 3258 1244 3307 abanim

235 3334 258 3379 1.
277 3332 355 3395 Siqua
366 3343 440 3382 tamen
457 3338 520 3383 ecrit
530 3334 590 3397 &c.]
606 3335 698 3385 Verbo·
749 3337 839 3385 Auru.

201 3404 244 3453 tim
255 3405 312 3462 fere,
323 3421 352 3453 ex
363 3405 410 3454 illis
420 3407 565 3472 Propertiu-
576 3406 615 3455 El.
627 3408 662 3456 iii.
672 3414 698 3459 ³.
780 3414 804 3460 5.
822 3411 877 3458 Huc
887 3419 918 3457 ert
930 3409 1029 3457 AEoiidor
1038 3407 1119 3473 fratri
1132 3406 1246 3455 nubenti·

234 3481 313 3543 Siqua
325 3488 400 3529 tumen
410 3484 451 3529 rot
468 3484 553 3530 loetmo
567 3499 621 3545 puro
631 3485 698 3533 oblita
749 3486 845 3550 imago]
867 3484 962 3532 Servius
971 3482 1015 3531 lib.
1027 3481 1046 3530 i.
1058 3480 1155 3530 AEneid.
1166 3481 1207 3531 ⁷5.
1217 3478 1246 3529 ui

265 3556 346 3609 decrit,
749 3559 808 3607 illud
818 3559 926 3623 Virgilii:

298 3627 355 3675 Haec
364 3630 409 3675 erit
419 3647 434 3676 a
445 3628 616 3695 lacrimosam
627 3634 700 3681 litura
783 3634 813 3681 Et
822 3635 919 3695 prrlrhru
925 3632 1002 3696 J'uciet
1009 3641 1031 3680 te
1039 3631 1103 3693 prole
1112 3638 1235 3692 pureum.

267 3750 269 3754 .
330 3703 391 3750 mest·
748 3707 834 3755 Scribit
854 3708 993 3754 Macareum
1018 3714 1042 3753 et
1064 3704 1183 3753 Canacern
1203 3718 1247 3751 non

200 3774 247 3824 Sed
258 3773 320 3823 inest
330 3775 456 3840 abruptum
469 3775 567 3840 aliquid,
578 3778 698 3845 incompo-
748 3781 819 3845 hujus
834 3781 907 3838 AEoli,
925 3781 966 3846 qui
983 3788 1106 3828 ventorum
1123 3794 1165 3826 rex
1180 3776 1247 3825 ruine

200 3849 271 3898 citum
292 3859 317 3897 et
343 3848 501 3899 iuordinttum
528 3850 552 3899 iu
572 3851 698 3911 Ovidium,
749 3855 893 3921 perhibetur,
923 3855 965 3903 scd
989 3853 1086 3903 alterius
1105 3850 1170 3900 AEoli
1191 3847 1248 3899 filiu

200 3922 264 3987 quod
281 3923 385 3971 animum
403 3924 527 3973 scribendo
537 3928 698 3990 perturbatum
748 3929 830 3977 fuisso.
865 3930 940 3994 Cujus
951 3928 1084 3995 opinionem
1097 3940 1170 3989 quarn
1180 3920 1246 3971 facile

200 3998 258 4044 mire
279 3997 364 4061 arguit.
397 3998 449 4046 Hoc
469 4009 548 4047 tamen
566 4001 599 4048 itu
616 4016 697 4066 purum
749 4004 772 4051 in
783 4003 828 4052 hac
840 4004 940 4068 epistola
951 4002 1053 4050 Ovidius
1063 3998 1245 4055 convincatur!-

199 4068 366 4120 intellexerunt
386 4072 483 4138 quidam
504 4075 649 4139 interpretes,
671 4085 697 4123 ut
748 4094 786 4125 mo
796 4077 922 4125 nouvidct.
940 4076 1051 4142 Hyginus
1061 4070 1246 4139 cap.ecmriii.

200 4141 282 4192 deesse
304 4160 349 4193 non
373 4146 431 4197 nihil
456 4147 586 4196 exordienti
603 4148 696 4215 Episto·
747 4152 950 4199 AEolurt'onucem
965 4161 1058 4212 propter
1071 4152 1182 4196 incarn
1196 4160 1245 4193 m

201 4215 231 4265 ln
243 4227 325 4267 nasute
338 4222 696 4287 pmrumpceriut.-Proeterec,
738 4218 1244 4289 frutreMacarwudmirmminterjecitcwr·
