2896 4980
468 306 729 376 HEROIDES.
753 306 824 373 EP.
848 304 958 373 xxi.
1173 308 1239 377 oel

197 484 293 559 Sunt
309 492 350 557 et
363 505 456 582 opes
473 483 604 557 nobis:
633 492 777 555 suntet
794 481 875 557 sine
892 481 1046 555 crimine
1063 504 1210 558 mores:

243 598 419 699 Amplius
434 609 554 696 utque
571 598 676 686 nihil,
694 622 755 671 me
772 598 841 671 tibi
854 599 981 695 jungit
996 622 1113 673 amor.
1163 605 1237 674 226

195 714 408 815 Adpeteres
424 717 539 789 talem
555 716 614 789 vel
632 740 707 789 non
719 717 847 812 jurata
862 715 1061 789 maritum:

242 830 386 905 Jumtoe
402 831 463 904 vel
479 854 555 903 non
571 830 656 903 tulis
674 830 870 904 habendus
882 841 975 904 erat.

198 943 290 1021 Haeo
304 947 378 1022 tibi
395 970 456 1020 me
474 948 513 1020 in
530 946 670 1020 somnis
684 945 887 1042 Jaoulatrix
900 946 1063 1020 scribere
1078 945 1235 1035 Phoebe,

244 1060 340 1137 Hoec
356 1061 427 1136 tibi
444 1085 505 1137 me
521 1062 672 1158 vigilem
689 1061 854 1135 scribere
865 1061 981 1158 jussit
996 1060 1125 1136 Amor.
1163 1067 1237 1136 230

198 1174 387 1276 liquibus
404 1177 557 1251 alterius
574 1176 665 1249 mihi
678 1177 759 1272 jam
776 1197 938 1249 nocuere
954 1177 1123 1273 sagitte:
1199 1186 1203 1193 “

243 1291 409 1367 Alterius
427 1303 652 1367 noceantne
669 1293 738 1367 tibi
755 1292 842 1378 telo,
861 1314 964 1366 cave.

194 1406 334 1482 Juncta
345 1407 448 1481 salus
463 1419 594 1481 nostra
610 1419 689 1482 est:
717 1407 893 1480 miserere
910 1407 1061 1504 meique
1078 1409 1222 1507 tuique.

243 1520 344 1607 Quid
361 1523 514 1598 dubitas
530 1547 643 1597 unam
659 1523 755 1597 ferre
772 1524 921 1596 duobus
938 1524 1075 1620 opem?

196 1637 307 1723 Quod
324 1639 358 1713 si
375 1639 585 1735 contigerit,
604 1663 691 1713 cum
708 1639 789 1735 jum
806 1637 896 1712 data
912 1638 1020 1733 signa
1035 1640 1235 1727 sonabunt,

243 1752 457 1852 Tinctaque
473 1755 595 1828 votivo
613 1755 795 1852 sunguine
812 1754 930 1827 Delos
947 1753 1035 1841 erit3
1161 1759 1237 1828 236

196 1867 321 1965 Aurea
337 1880 499 1969 ponetur
515 1871 604 1943 mali
620 1869 739 1943 felicis
758 1869 894 1965 imago,

246 1982 471 2082 Caussaque
487 1984 680 2058 versiculis
698 1985 839 2081 scripto
854 1982 1002 2057 duobus
1019 1983 1110 2057 erit:

196 2095 330 2196 Effigie
344 2100 449 2198 pomi
465 2109 625 2174 testetur
641 2099 823 2173 Acontius
840 2099 964 2195 hujus,

244 2211 339 2298 Quae
355 2214 494 2288 fuerint
510 2215 549 2288 in
566 2239 612 2289 eo
629 2216 781 2313 scripto,
799 2213 916 2287 fuisse
933 2223 1026 2286 rata.
1163 2217 1238 2285 240

196 2325 358 2425 longior
368 2327 556 2403 infirmum
574 2354 622 2404 ne
639 2330 755 2403 lasset
772 2328 944 2428 Epistola
961 2351 1111 2424 corpus,

245 2441 463 2543 Clausaque
480 2455 661 2519 consueto
678 2445 729 2518 sit
741 2444 813 2518 sibi
831 2443 925 2533 fine3
954 2443 1048 2517 vale.

511 2837 773 2912 EPISTOLA
807 2835 920 2910 XXI.

165 2964 173 2983 ⁸
295 2985 300 2991 ’
418 3019 1011 3087 cYDIPPEACONTIO.

197 3160 391 3250 Pertimui,
410 3165 668 3266 soiiptumque
687 3177 793 3240 tuum
811 3167 892 3240 sine
910 3188 1097 3239 murmure
1115 3164 1201 3262 legi,

244 3276 396 3354 Juraret
411 3304 460 3354 ne
478 3306 574 3379 quos
592 3283 710 3357 inscia
725 3283 853 3381 lingua
871 3283 986 3356 Deos.

225 3462 284 3513 m
294 3462 458 3528 mugilem]
471 3464 510 3512 Me
518 3467 609 3530 vigilem
617 3465 691 3514 Char·
774 3459 821 3515 Ee.
833 3466 901 3529 xxo]
918 3465 1035 3524 Quoedom
1045 3464 1189 3529 exemplario
1200 3466 1239 3516 hic

196 3536 395 3587 mseriverii
405 3538 499 3586 etalter
506 3539 694 3588 Menteliuuuua
743 3540 821 3588 denuo
836 3540 948 3588 munifica
963 3548 1018 3588 suut
1031 3539 1062 3588 de
1077 3539 1163 3596 alieno,
1181 3541 1239 3589 dum

195 3622 267 3659 Ιιιι
281 3608 368 3676 point,
382 3610 447 3674 quod
463 3611 621 3675 procedentia
636 3628 693 3661 cou-
742 3613 835 3662 initium
844 3613 911 3662 uobis
917 3614 987 3679 hujus
994 3613 1108 3678 Epistolae
1115 3613 1161 3662 hoc
1169 3614 1239 3663 modo

195 3678 297 3733 fiunt.
310 3712 314 3721 ι
331 3682 413 3731 Dim
425 3684 588 3742 somniantem,
599 3684 693 3750 Cupido
742 3688 886 3736 obtrudunt:

196 3752 325 3821 vhihnet
340 3757 416 3807 form
425 3765 468 3806 tua
482 3767 587 3823 captum,
598 3775 654 3808 cum
670 3767 693 3807 te
775 3762 866 3809 Littera
880 3765 982 3823 peruenit
1000 3770 1049 3816 tuo,
1059 3777 1102 3822 quo
1117 3764 1239 3817 consuevit,

197 3826 317 3888 Μ,
335 3830 409 3897 jusit
428 3829 537 3880 scribere.
553 3832 637 3881 Horat.
657 3830 692 3879 iii.
840 3835 930 3889 Aconti,

199 3900 296 3953 ΟΜΊ.
809 3904 1222 3969 Etpoeneatoeuluimiduumu.

227 3977 575 4043 ——Vigilouoneploro
784 3976 787 3981 '
1114 3975 1206 4026 Huius.

231 4048 462 4113 Mecum,
470 4070 502 4100 au
509 4056 571 4101 uitiis
581 4062 692 4101 torentem
744 4053 807 4101 Vide
816 4052 907 4100 Schott.
918 4051 945 4098 ii.
954 4051 1056 4099 observ.
1067 4065 1120 4114 cup.
1130 4050 1175 4098 liii.
1209 4053 1238 4102 In

261 4123 434 4191 Luditinngo?
603 4128 691 4174 Buuu.
744 4127 820 4190 primu
832 4125 936 4175 editione
954 4123 1096 4190 adscriptum
1115 4136 1173 4181 orat,
1193 4126 1239 4191 cy.
