2896 4980
200 390 264 454 luz

491 386 529 449 Ρ.
555 384 714 449 OVIDll
740 384 950 449 NASONIS

206 561 376 633 Forsitan
393 570 442 644 et,
462 583 578 655 quare
596 584 680 632 mea
697 560 771 632 sint
789 560 941 644 alterna,
962 558 1141 656 requiras,
1215 554 1248 629 5·

256 675 451 763 Carmina3
482 701 565 748 cum
584 676 710 773 lyricis
729 677 799 747 sim
818 676 936 771 magis
955 684 1044 771 apta
1060 672 1192 746 modis,

117 844 140 855 -.
206 792 370 867 Flendus
389 818 491 865 arnor
509 818 614 866 meus
632 807 711 867 est:
741 794 884 889 elegeia
901 791 1025 863 flebile
1043 812 1204 863 carmen.

256 908 343 981 Non
360 909 449 982 sacit
466 911 513 982 ad
531 910 701 982 lacrimas
720 910 885 980 barbitos
903 907 979 979 ulla
996 930 1113 979 meas.

207 1025 314 1110 Uror,
334 1036 387 1112 ut,
408 1025 597 1098 indomitis
616 1026 740 1119 ignem
759 1023 1020 1096 exercentibus
1040 1019 1162 1105 Euris,

254 1140 401 1214 Fertilis
421 1140 588 1213 accensis
607 1140 791 1212 messibus
810 1140 916 1211 ardet
933 1162 1033 1233 ager.
1199 1139 1238 1205 lo

3 1298 7 1305 ·
38 1285 71 1337 ,.=-
91 1294 94 1299 ·
113 1292 129 1311 ==
147 1278 157 1323 ¹.
204 1257 304 1330 Arva
322 1256 453 1330 Phaon
471 1257 636 1353 celebrat
654 1257 800 1328 diversa
817 1254 1034 1352 Typhoidos
1054 1252 1194 1336 AEtnae3

255 1371 321 1445 Me
339 1373 440 1445 calor
459 1372 604 1446 AEtnaeo
623 1395 696 1443 non
714 1372 833 1444 minor
851 1371 936 1465 igne
954 1369 1095 1466 coquit.

203 1623 260 1670 satis
280 1623 366 1687 placet,
388 1624 451 1687 quod
478 1626 503 1671 in
530 1634 628 1689 utroque
649 1626 701 1673 Gu-

205 1696 276 1743 diano
295 1704 318 1742 et
338 1696 363 1743 in
381 1698 456 1744 Scrir.
478 1698 569 1754 codice,
590 1699 661 1747 ctiam
677 1700 701 1747 in

204 1770 304 1817 vetustis
316 1770 432 1834 impressis
443 1773 540 1837 reperio,
559 1778 620 1821 ande
631 1792 700 1821 morc-

206 1854 318 1905 taropur.
355 1846 457 1894 Verbum
474 1865 558 1894 inurere
574 1864 637 1911 stupe
653 1847 700 1911 sig·

206 1917 286 1965 nificat
295 1936 385 1979 parare,
398 1923 503 1981 iucipcrc,
515 1923 647 1977 arachirmri,
656 1940 700 1969 orri-

206 1993 254 2039 lt'ri.
290 1992 346 2055 lpsn
364 1992 462 2040 formula
478 2012 530 2055 opas
549 1996 701 2042 mot-mioti-

205 2066 259 2113 dius
266 2064 400 2129 frequenter
411 2084 466 2114 usus
475 2077 519 2115 cst.
538 2068 604 2116 lllodi
614 2069 702 2116 indica-

161 2162 163 2166 .
206 2139 250 2187 tiri
278 2140 302 2187 in
323 2141 428 2188 oratione
451 2142 572 2189 indefinita
598 2143 702 2205 usurpati

206 2215 355 2267 tarncrebra,
367 2223 416 2261 tam
433 2226 498 2262 certa
514 2215 623 2280 exempla
640 2216 701 2280 apud

205 2286 314 2352 optimos,
327 2304 373 2335 non
390 2296 471 2352 poetas
485 2289 569 2343 solum,
580 2290 622 2336 sed
640 2288 702 2353 apud

204 2372 307 2410 oratores
325 2362 405 2418 etiam,
423 2374 555 2418 occurrunt,
576 2372 600 2410 ut
620 2364 704 2410 liustra

204 2434 251 2485 sint
262 2436 346 2493 critici,
357 2436 398 2500 qui
416 2436 612 2484 constructionem
628 2437 701 2489 illam,

203 2519 324 2574 tamquam
336 2526 418 2576 pamm
429 2511 534 2566 latinam,
554 2511 701 2574 exagitant.''

202 2584 292 2632 Arrun.

237 2662 260 2707 5.
279 2660 386 2708 Forsitan
397 2672 417 2709 ct
428 2664 520 2725 piare]
540 2662 648 2711 Occurrit
658 2663 699 2709 ob·

200 2732 307 2796 jectioni,
318 2750 390 2798 (luam
401 2737 480 2783 statim
490 2736 569 2786 diluit.
587 2737 658 2784 Cror.

237 2809 335 2856 :literae
344 2812 470 2873 corariam]
483 2812 569 2874 Elegos
576 2812 700 2875 significat,

203 2879 242 2927 Sic
253 2880 331 2930 libii.
343 2884 406 2932 Fast.

192 3006 195 3011 y
238 2956 300 3003 Dum
311 2962 413 3006 cauimus
422 2976 497 3007 sacrat
503 2963 591 3008 alterno
601 2964 701 3009 caratiae

301 3049 384 3081 nullas:

273 3104 384 3153 :lituinias
402 3110 436 3155 hir
447 3109 521 3156 Fastis
539 3110 701 3156 occantulutur

300 3180 374 3236 hortos,

204 3248 294 3297 Eodem
313 3255 383 3303 modo
402 3257 445 3306 lib.
464 3257 490 3305 ii.
510 3257 621 3304 Tristiutn
636 3258 702 3317 pedet

203 3325 299 3385 imperet
310 3328 370 3377 dixit
379 3349 384 3376 :

237 3398 328 3449 Scilicet
345 3406 432 3466 imperii
447 3408 550 3467 prirucps
560 3407 655 3451 strrtioue
665 3422 700 3450 re-

203 3513 205 3517 .
300 3478 355 3525 licta

270 3551 398 3613 Irnprrilrus
419 3558 501 3618 lcgcrcs
520 3556 621 3601 carmina
631 3556 701 3617 sacta

302 3630 384 3675 intutis?
401 3630 470 3677 (hor.

236 3708 260 3752 8.
279 3704 399 3768 ll'oajircit
409 3708 439 3751 od
455 3705 559 3750 lacrimas
574 3702 699 3764 Barbara]

203 3778 357 3827 instrumenti
378 3777 496 3841 quoddam
518 3793 599 3839 genus,
622 3775 700 3824 πολύ-

203 3850 305 3916 χορδον,
324 3862 349 3899 ut
368 3860 435 3900 vocat
452 3851 550 3899 Theocr.
570 3850 601 3897 ad
618 3851 701 3912 cytha-

203 3942 261 3981 ram,
274 3927 311 3974 vel
323 3928 354 3975 ad
365 3927 439 3992 ipsam
458 3925 647 3990 lyranrssproritue
662 3939 700 3972 ac·

204 4001 298 4048 cedens.
332 4003 437 4050 Iaesboam
449 4002 506 4049 dit-it
519 4002 601 4048 llorat.
620 3999 638 4045 i.
652 3999 700 4046 (ld.

203 4071 221 4119 i.
233 4076 275 4120 34.
288 4085 382 4138 proptor
392 4076 486 4142 Sappho
497 4085 521 4124 ct
532 4074 648 4125 :tlt-aum.
660 4073 700 4137 qui

204 4160 233 4191 ex
245 4145 322 4193 insula
331 4148 413 4197 Lcsbo.
435 4145 701 4210 AdvoceurBtipt'itroc,

204 4217 308 4280 Etynrol.
326 4219 407 4282 uragu.
441 4222 511 4281 Εἶδος
527 4224 643 4287 μουσικοῦ
661 4221 700 4283 dp-

753 1623 840 1689 γάνου,
851 1621 1003 1685 ψαλτήριον,
1017 1622 1033 1679 ὴ
1043 1618 1142 1682 κιθάρα.
1175 1615 1243 1679 Εἷρη·

753 1716 793 1746 rat
804 1696 827 1745 δὲ
839 1696 911 1745 οἱονεὶ
921 1694 1060 1759 βαριίριτος
1072 1694 1111 1750 τὶς
1120 1692 1166 1745 ὢν,
1177 1688 1243 1752 ὄβα·

750 1775 822 1835 ρεῖαν
843 1773 892 1830 τὴν
910 1771 997 1834 φωνὴν
1016 1770 1057 1817 καὶ
1076 1769 1122 1816 τὸν
1138 1764 1243 1829 φθόγγον

751 1847 834 1911 ἀφίης·
848 1846 935 1903 hirone
942 1846 989 1909 γὰρ
999 1845 1044 1900 τὰς
1054 1842 1144 1905 νευρὰς
1153 1840 1242 1903 ἔλεγον·

751 1919 834 1979 irruit)
845 1921 894 1982 πρὸ
906 1922 952 1977 τῆς
969 1917 1082 1981 χρήσεως
1092 1919 1139 1974 τῆς
1150 1912 1242 1978 νευρᾶς»

752 1996 832 2052 λινοῖς
843 1992 965 2057 στήμοσιν
980 1989 1122 2053 ἱκέχρηντο·
1141 1984 1244 2037 ὅθενιαί

753 2070 774 2119 oi
785 2069 882 2125 Αίυλεῖς
891 2067 1015 2132 βάρριτον
1026 2066 1097 2120 αὐτὸ,
1111 2063 1152 2113 tut
1161 2066 1204 2114 rori
1214 2056 1243 2128 Ji,

752 2144 821 2207 φασί.
838 2144 927 2189 :luam

788 2217 928 2282 horethein]
949 2216 1066 2280 rlptunon
1077 2224 1122 2262 est.
1141 2216 1209 2263 Ctor.

787 2290 910 2353 Bariana]
941 2289 1044 2336 lmitatio
1063 2288 1190 2353 Euripidis,
1208 2285 1245 2351 qui

754 2366 836 2414 eodem
858 2365 927 2413 modo
948 2362 1039 2410 inducit
1059 2361 1187 2410 Admetum
1212 2361 1243 2409 lo·

752 2449 872 2503 (luentem.
880 2440 971 2487 Alcest.
983 2438 1040 2485 345.

784 2516 820 2564 Οὐ
831 2517 879 2578 γὰρ
898 2511 953 2562 πότ’
964 2511 1013 2559 οὔτ’
1023 2510 1057 2559 ἀν
1071 2508 1196 2574 βαρβίτου
1208 2508 1240 2559 θί-

816 2589 924 2653 γριρίὲτι

783 2663 840 2712 οὑτ’
850 2663 884 2711 ἀν
894 2660 960 2726 φρέν’
970 2658 1077 2723 ὶξὰροιρι
1089 2661 1154 2723 πρὸς
1165 2655 1240 2721 Adiit

813 2740 899 2788 λακεῖν

783 2814 878 2864 ‚tantm
897 2815 927 2862 oi·
939 2810 987 2876 γάρ
997 2828 1044 2874 μου
1055 2807 1144 2872 τέρψιν
1154 2809 1241 2863 ἐξεῖλον

813 2888 880 2949 βίον.
1121 2883 1210 2931 Burin.

785 2962 823 3008 ll.
852 2963 914 3007 Arra
939 2959 1017 3007 Phaon
1040 2958 1137 3005 cclclrrut
1160 2960 1243 3006 ditum

753 3034 874 3097 Daphnide
888 3034 986 3096 fficiam]
1000 3032 1120 3079 Phaonem
1131 3031 1243 3094 significa

750 3108 791 3156 diu
810 3110 834 3157 in
853 3116 950 3156 externa
967 3106 1069 3169 regione,
1088 3121 1141 3168 quie
1160 3114 1243 3154 remota

750 3194 812 3231 essct
824 3200 838 3231 a
850 3183 932 3236 lesbo,
944 3179 1044 3228 versari:
1062 3194 1114 3226 carn
1124 3190 1203 3228 autem
1211 3178 1243 3227 Si·

750 3255 830 3304 ciliam
848 3271 898 3303 esse
916 3256 949 3300 ait
958 3271 965 3312 ς
982 3252 1023 3300 ubi
1039 3259 1076 3299 est
1092 3252 1166 3300 AEtaa
1184 3264 1244 3299 mont

751 3340 864 3394 perpetuo
885 3326 994 3375 incendio
1011 3336 1096 3381 notus,
1115 3342 1163 3389 qun
1180 3340 1244 3375 occa·

751 3405 816 3453 sione
833 3404 910 3452 adsui
929 3401 1014 3449 amoris
1031 3401 1138 3449 ardorem
1155 3400 1244 3449 alludit.

751 3479 836 3526 subdit
855 3478 930 3525 enirn:
958 3476 996 3521 Me
1015 3478 1078 3522 calor
1098 3475 1186 3522 AEtmcu
1205 3488 1244 3521 aaa

753 3555 824 3599 minor
835 3556 887 3616 igne
897 3562 966 3598 tract.
983 3550 1054 3597 Cror.

786 3626 911 3689 Celebran]
938 3625 1088 3687 Frequenter,
1116 3620 1204 3675 incolit,
1223 3625 1245 3665 et
1267 3666 1281 3693 ι,

751 3701 793 3750 diu
820 3702 963 3749 immoratur.
1002 3698 1042 3744 Ab
1070 3698 1145 3744 ,litua
1170 3704 1244 3743 autem

752 3786 829 3824 monte
852 3778 953 3823 AEtrruus
972 3773 1112 3821 deducitur:
1131 3773 1160 3820 ab
1182 3768 1245 3817 Enna

753 3867 815 3907 vero,
827 3868 878 3914 quta
896 3851 951 3896 urbs
962 3859 1006 3903 cst,
1017 3858 1041 3894 et
1057 3846 1182 3894 umbilicus
1191 3840 1245 3891 Sici·

752 3925 799 3979 liae,
821 3926 936 3979 lfrrrrcuri-r,
959 3933 983 3970 et
1006 3922 1110 3973 hanam.
1134 3920 1159 3967 in
1175 3915 1245 3983 prima

752 3998 844 4062 syllaba
862 4016 903 4062 prr
914 4016 933 4053 c,
949 4007 974 4045 et
991 3995 1079 4059 duplex
1097 4013 1138 4050 aa,
1150 4002 1176 4040 ut
1192 3986 1244 4039 alibi

751 4073 830 4121 docui.
863 4073 943 4135 Atque
960 4071 1003 4117 hoc
1020 4068 1148 4117 dicendum
1157 4066 1208 4120 luit,
1217 4075 1244 4109 nr

752 4162 822 4210 quem
834 4146 952 4193 Domitius
964 4144 1003 4191 ltie
1020 4143 1096 4197 sallat,
1110 4141 1150 4205 qui
1164 4138 1188 4187 id
1205 4151 1243 4185 no·

751 4212 1242 4283 minisuuocodemquemodoscribit.Cror.
