<?xml version="1.0" encoding="UTF-8"?>
<!DOCTYPE html PUBLIC "-//W3C//DTD XHTML 1.0 Transitional//EN"
    "http://www.w3.org/TR/xhtml1/DTD/xhtml1-transitional.dtd">
<html xmlns="http://www.w3.org/1999/xhtml" xml:lang="en" lang="en">
 <head>
  <title>
</title>
<meta http-equiv="Content-Type" content="text/html;charset=utf-8" />
  <meta name='ocr-system' content='tesseract 3.04.00' />
  <meta name='ocr-capabilities' content='ocr_page ocr_carea ocr_par ocr_line ocrx_word'/>
</head>
<body>
  <div class='ocr_page' id='page_1' title='image "./povidiinasoniso01burmgoog_0460.png"; bbox 0 0 2896 4980; ppageno 0'>
   <div class='ocr_carea' id='block_1_1' title="bbox 193 280 954 354">
    <p class='ocr_par' dir='ltr' id='par_1_1' title="bbox 193 280 954 354">
     <span class='ocr_line' id='line_1_1' title="bbox 193 280 954 354; baseline -0.005 -2"><span class='ocrx_word' id='word_1_1' title='bbox 193 289 261 354; x_wconf 74' lang='lat' dir='ltr'><strong><em>m</em></strong></span> <span class='ocrx_word' id='word_1_2' title='bbox 491 282 532 350; x_wconf 86' lang='grc' dir='ltr'><strong>Ρ.</strong></span> <span class='ocrx_word' id='word_1_3' title='bbox 554 280 717 349; x_wconf 84' lang='lat' dir='ltr'><strong>ovlml</strong></span> <span class='ocrx_word' id='word_1_4' title='bbox 740 282 954 349; x_wconf 78' lang='lat' dir='ltr'><strong>NASONIS</strong></span> 
     </span>
    </p>
   </div>
   <div class='ocr_carea' id='block_1_2' title="bbox 198 455 1333 2527">
    <p class='ocr_par' dir='ltr' id='par_1_2' title="bbox 198 455 1333 2527">
     <span class='ocr_line' id='line_1_2' title="bbox 198 455 1230 555; baseline -0.002 -23"><span class='ocrx_word' id='word_1_5' title='bbox 198 459 307 546; x_wconf 83' lang='lat' dir='ltr'><strong>Quis,</strong></span> <span class='ocrx_word' id='word_1_6' title='bbox 326 459 399 533; x_wconf 90' lang='lat' dir='ltr'><strong>nisi</strong></span> <span class='ocrx_word' id='word_1_7' title='bbox 416 457 554 533; x_wconf 87' lang='lat' dir='ltr'><strong>mentis</strong></span> <span class='ocrx_word' id='word_1_8' title='bbox 571 455 694 555; x_wconf 88' lang='lat' dir='ltr'><strong>inops,</strong></span> <span class='ocrx_word' id='word_1_9' title='bbox 712 466 853 531; x_wconf 82' lang='lat' dir='ltr'><strong>tenerae</strong></span> <span class='ocrx_word' id='word_1_10' title='bbox 869 457 1056 532; x_wconf 75' lang='lat' dir='ltr'><strong>declamet</strong></span> <span class='ocrx_word' id='word_1_11' title='bbox 1071 455 1230 531; x_wconf 79' lang='lat' dir='ltr'><strong>amicael</strong></span> 
     </span>
     <span class='ocr_line' id='line_1_3' title="bbox 251 571 1246 673; baseline -0.003 -25"><span class='ocrx_word' id='word_1_12' title='bbox 251 574 363 673; x_wconf 82' lang='lat' dir='ltr'><strong>Soepe</strong></span> <span class='ocrx_word' id='word_1_13' title='bbox 381 574 509 647; x_wconf 85' lang='lat' dir='ltr'><strong>valens</strong></span> <span class='ocrx_word' id='word_1_14' title='bbox 528 571 606 645; x_wconf 93' lang='lat' dir='ltr'><strong>odii</strong></span> <span class='ocrx_word' id='word_1_15' title='bbox 617 571 726 646; x_wconf 81' lang='lat' dir='ltr'><strong>litera</strong></span> <span class='ocrx_word' id='word_1_16' title='bbox 739 595 876 646; x_wconf 82' lang='lat' dir='ltr'><strong>caussa</strong></span> <span class='ocrx_word' id='word_1_17' title='bbox 885 571 969 646; x_wconf 87' lang='lat' dir='ltr'><strong>suit.</strong></span> <span class='ocrx_word' id='word_1_18' title='bbox 1107 573 1110 577; x_wconf 80' lang='grc'><strong>’</strong></span> <span class='ocrx_word' id='word_1_19' title='bbox 1170 575 1246 646; x_wconf 90' lang='grc'><strong>466</strong></span> 
     </span>
     <span class='ocr_line' id='line_1_4' title="bbox 200 688 1135 787; baseline 0 -22"><span class='ocrx_word' id='word_1_20' title='bbox 200 691 262 765; x_wconf 88' lang='lat' dir='ltr'><strong>Sit</strong></span> <span class='ocrx_word' id='word_1_21' title='bbox 276 689 347 764; x_wconf 91' lang='lat' dir='ltr'><strong>tibi</strong></span> <span class='ocrx_word' id='word_1_22' title='bbox 364 688 554 764; x_wconf 90' lang='lat' dir='ltr'><strong>credibilis</strong></span> <span class='ocrx_word' id='word_1_23' title='bbox 571 713 708 774; x_wconf 86' lang='lat' dir='ltr'><strong>sermo,</strong></span> <span class='ocrx_word' id='word_1_24' title='bbox 726 699 984 787; x_wconf 86' lang='lat' dir='ltr'><strong>consuetaque</strong></span> <span class='ocrx_word' id='word_1_25' title='bbox 1000 691 1135 765; x_wconf 82' lang='lat' dir='ltr'><strong>verba:</strong></span> 
     </span>
     <span class='ocr_line' id='line_1_5' title="bbox 248 805 1099 904; baseline 0 -24"><span class='ocrx_word' id='word_1_26' title='bbox 248 805 400 880; x_wconf 79' lang='lat' dir='ltr'><strong>Blanda</strong></span> <span class='ocrx_word' id='word_1_27' title='bbox 413 815 553 892; x_wconf 79' lang='lat' dir='ltr'><strong>tamen,</strong></span> <span class='ocrx_word' id='word_1_28' title='bbox 573 828 739 903; x_wconf 72' lang='lat' dir='ltr'><strong>presens</strong></span> <span class='ocrx_word' id='word_1_29' title='bbox 755 815 798 879; x_wconf 91' lang='lat' dir='ltr'><strong>ut</strong></span> <span class='ocrx_word' id='word_1_30' title='bbox 814 805 965 880; x_wconf 81' lang='lat' dir='ltr'>videare</span> <span class='ocrx_word' id='word_1_31' title='bbox 981 807 1099 904; x_wconf 89' lang='lat' dir='ltr'><strong>loqui.</strong></span> 
     </span>
     <span class='ocr_line' id='line_1_6' title="bbox 199 919 1187 1019; baseline 0.004 -24"><span class='ocrx_word' id='word_1_32' title='bbox 199 921 244 995; x_wconf 84' lang='lat' dir='ltr'><strong>si</strong></span> <span class='ocrx_word' id='word_1_33' title='bbox 256 943 332 994; x_wconf 91' lang='lat' dir='ltr'><strong>non</strong></span> <span class='ocrx_word' id='word_1_34' title='bbox 349 919 511 1018; x_wconf 81' lang='lat' dir='ltr'>accipiet</span> <span class='ocrx_word' id='word_1_35' title='bbox 527 919 721 1019; x_wconf 89' lang='lat' dir='ltr'><strong>scriptum,</strong></span> <span class='ocrx_word' id='word_1_36' title='bbox 737 919 984 1018; x_wconf 90' lang='lat' dir='ltr'><strong>illectumque</strong></span> <span class='ocrx_word' id='word_1_37' title='bbox 1001 923 1187 1011; x_wconf 64' lang='lat' dir='ltr'><strong>neminen</strong></span> 
     </span>
     <span class='ocr_line' id='line_1_7' title="bbox 251 1034 1247 1133; baseline 0.001 -23"><span class='ocrx_word' id='word_1_38' title='bbox 251 1034 453 1111; x_wconf 78' lang='lat' dir='ltr'><strong>Lecturam</strong></span> <span class='ocrx_word' id='word_1_39' title='bbox 470 1057 597 1132; x_wconf 77' lang='lat' dir='ltr'><strong>spera:</strong></span> <span class='ocrx_word' id='word_1_40' title='bbox 626 1034 936 1133; x_wconf 89' lang='lat' dir='ltr'><strong>propositumque</strong></span> <span class='ocrx_word' id='word_1_41' title='bbox 950 1047 1050 1110; x_wconf 88' lang='lat' dir='ltr'><strong>tene.</strong></span> <span class='ocrx_word' id='word_1_42' title='bbox 1170 1043 1247 1111; x_wconf 85' lang='grc'><strong>470</strong></span> 
     </span>
     <span class='ocr_line' id='line_1_8' title="bbox 199 1149 1132 1250; baseline 0.003 -25"><span class='ocrx_word' id='word_1_43' title='bbox 199 1150 386 1249; x_wconf 84' lang='lat' dir='ltr'>Tempore</span> <span class='ocrx_word' id='word_1_44' title='bbox 403 1150 573 1224; x_wconf 87' lang='lat' dir='ltr'><strong>difficiles</strong></span> <span class='ocrx_word' id='word_1_45' title='bbox 590 1149 744 1223; x_wconf 84' lang='lat' dir='ltr'><strong>veniunt</strong></span> <span class='ocrx_word' id='word_1_46' title='bbox 760 1150 808 1224; x_wconf 88' lang='lat' dir='ltr'><strong>ad</strong></span> <span class='ocrx_word' id='word_1_47' title='bbox 825 1162 949 1226; x_wconf 76' lang='lat' dir='ltr'><strong>aratra</strong></span> <span class='ocrx_word' id='word_1_48' title='bbox 961 1154 1132 1250; x_wconf 85' lang='lat' dir='ltr'><strong>juvenci:</strong></span> 
     </span>
     <span class='ocr_line' id='line_1_9' title="bbox 248 1264 1093 1367; baseline 0.002 -27"><span class='ocrx_word' id='word_1_49' title='bbox 248 1266 437 1366; x_wconf 84' lang='lat' dir='ltr'><strong>Tempore</strong></span> <span class='ocrx_word' id='word_1_50' title='bbox 453 1267 556 1340; x_wconf 76' lang='lat' dir='ltr'><strong>lento</strong></span> <span class='ocrx_word' id='word_1_51' title='bbox 571 1264 649 1365; x_wconf 79' lang='lat' dir='ltr'><strong>pati</strong></span> <span class='ocrx_word' id='word_1_52' title='bbox 666 1264 771 1339; x_wconf 82' lang='lat' dir='ltr'><strong>frena</strong></span> <span class='ocrx_word' id='word_1_53' title='bbox 786 1266 970 1342; x_wconf 82' lang='lat' dir='ltr'><strong>docentur</strong></span> <span class='ocrx_word' id='word_1_54' title='bbox 986 1271 1093 1367; x_wconf 86' lang='lat' dir='ltr'><strong>equi:</strong></span> 
     </span>
     <span class='ocr_line' id='line_1_10' title="bbox 200 1382 1094 1460; baseline -0.003 -2"><span class='ocrx_word' id='word_1_55' title='bbox 200 1383 360 1460; x_wconf 88' lang='lat' dir='ltr'><strong>Ferreus</strong></span> <span class='ocrx_word' id='word_1_56' title='bbox 378 1383 536 1458; x_wconf 80' lang='lat' dir='ltr'><strong>adsiduo</strong></span> <span class='ocrx_word' id='word_1_57' title='bbox 553 1382 785 1456; x_wconf 89' lang='lat' dir='ltr'><strong>consumitur</strong></span> <span class='ocrx_word' id='word_1_58' title='bbox 802 1385 962 1457; x_wconf 84' lang='lat' dir='ltr'><strong>annulus</strong></span> <span class='ocrx_word' id='word_1_59' title='bbox 979 1407 1069 1459; x_wconf 91' lang='lat' dir='ltr'><strong>usu:</strong></span> <span class='ocrx_word' id='word_1_60' title='bbox 1093 1443 1094 1446; x_wconf 15' lang='grc' dir='ltr'>η</span> 
     </span>
     <span class='ocr_line' id='line_1_11' title="bbox 253 1498 1038 1575; baseline 0 -1"><span class='ocrx_word' id='word_1_61' title='bbox 253 1500 387 1574; x_wconf 88' lang='lat' dir='ltr'><strong>Interit</strong></span> <span class='ocrx_word' id='word_1_62' title='bbox 404 1498 563 1573; x_wconf 64' lang='lat' dir='ltr'><strong>adsidui</strong></span> <span class='ocrx_word' id='word_1_63' title='bbox 580 1520 707 1572; x_wconf 84' lang='lat' dir='ltr'><strong>vomer</strong></span> <span class='ocrx_word' id='word_1_64' title='bbox 725 1498 893 1572; x_wconf 84' lang='lat' dir='ltr'><strong>aduncus</strong></span> <span class='ocrx_word' id='word_1_65' title='bbox 911 1499 1038 1575; x_wconf 89' lang='lat' dir='ltr'><strong>humo.</strong></span> 
     </span>
     <span class='ocr_line' id='line_1_12' title="bbox 201 1615 1333 1715; baseline 0 -22"><span class='ocrx_word' id='word_1_66' title='bbox 201 1615 303 1706; x_wconf 83' lang='lat' dir='ltr'>Quid</span> <span class='ocrx_word' id='word_1_67' title='bbox 323 1617 444 1715; x_wconf 83' lang='lat' dir='ltr'><strong>magis</strong></span> <span class='ocrx_word' id='word_1_68' title='bbox 461 1627 521 1691; x_wconf 89' lang='lat' dir='ltr'><strong>est</strong></span> <span class='ocrx_word' id='word_1_69' title='bbox 537 1639 630 1690; x_wconf 83' lang='lat' dir='ltr'><strong>saxo</strong></span> <span class='ocrx_word' id='word_1_70' title='bbox 647 1615 782 1688; x_wconf 90' lang='lat' dir='ltr'><strong>durum</strong></span> <span class='ocrx_word' id='word_1_71' title='bbox 789 1616 806 1688; x_wconf 78' lang='lat' dir='ltr'><strong>l</strong></span> <span class='ocrx_word' id='word_1_72' title='bbox 831 1615 925 1713; x_wconf 89' lang='lat' dir='ltr'><strong>quid</strong></span> <span class='ocrx_word' id='word_1_73' title='bbox 942 1616 1090 1691; x_wconf 87' lang='lat' dir='ltr'><strong>mollius</strong></span> <span class='ocrx_word' id='word_1_74' title='bbox 1107 1618 1237 1693; x_wconf 74' lang='lat' dir='ltr'><strong>unddl</strong></span> <span class='ocrx_word' id='word_1_75' title='bbox 1322 1620 1333 1638; x_wconf 81' lang='lat'><em>⁰</em></span> 
     </span>
     <span class='ocr_line' id='line_1_13' title="bbox 252 1733 1246 1831; baseline -0.001 -23"><span class='ocrx_word' id='word_1_76' title='bbox 252 1736 360 1812; x_wconf 85' lang='lat' dir='ltr'><strong>Dura</strong></span> <span class='ocrx_word' id='word_1_77' title='bbox 374 1746 502 1811; x_wconf 86' lang='lat' dir='ltr'><strong>tamen</strong></span> <span class='ocrx_word' id='word_1_78' title='bbox 518 1733 621 1807; x_wconf 91' lang='lat' dir='ltr'><strong>molli</strong></span> <span class='ocrx_word' id='word_1_79' title='bbox 639 1756 732 1811; x_wconf 79' lang='lat' dir='ltr'><strong>saxa</strong></span> <span class='ocrx_word' id='word_1_80' title='bbox 747 1742 928 1806; x_wconf 82' lang='lat' dir='ltr'><strong>cavantur</strong></span> <span class='ocrx_word' id='word_1_81' title='bbox 944 1733 1056 1831; x_wconf 77' lang='lat' dir='ltr'><strong>aqud.</strong></span> <span class='ocrx_word' id='word_1_82' title='bbox 1170 1737 1246 1808; x_wconf 82' lang='lat'><strong>476</strong></span> 
     </span>
     <span class='ocr_line' id='line_1_14' title="bbox 201 1848 1213 1951; baseline -0.006 -23"><span class='ocrx_word' id='word_1_83' title='bbox 201 1853 422 1951; x_wconf 88' lang='lat' dir='ltr'><strong>Penelopen</strong></span> <span class='ocrx_word' id='word_1_84' title='bbox 439 1853 560 1951; x_wconf 82' lang='lat' dir='ltr'>ipsam</span> <span class='ocrx_word' id='word_1_85' title='bbox 578 1852 723 1950; x_wconf 78' lang='lat' dir='ltr'><strong>(persta</strong></span> <span class='ocrx_word' id='word_1_86' title='bbox 740 1848 869 1942; x_wconf 87' lang='lat' dir='ltr'><strong>modo)</strong></span> <span class='ocrx_word' id='word_1_87' title='bbox 885 1859 1054 1947; x_wconf 90' lang='lat' dir='ltr'><strong>tempore</strong></span> <span class='ocrx_word' id='word_1_88' title='bbox 1070 1850 1213 1923; x_wconf 84' lang='lat' dir='ltr'><strong>vinces.</strong></span> 
     </span>
     <span class='ocr_line' id='line_1_15' title="bbox 254 1963 1127 2069; baseline -0.009 -26"><span class='ocrx_word' id='word_1_89' title='bbox 254 1969 379 2069; x_wconf 84' lang='lat' dir='ltr'><strong>Capta</strong></span> <span class='ocrx_word' id='word_1_90' title='bbox 394 1968 499 2042; x_wconf 84' lang='lat' dir='ltr'><strong>vides</strong></span> <span class='ocrx_word' id='word_1_91' title='bbox 517 1991 601 2041; x_wconf 90' lang='lat' dir='ltr'><strong>sero</strong></span> <span class='ocrx_word' id='word_1_92' title='bbox 620 1963 824 2062; x_wconf 80' lang='lat' dir='ltr'><strong>Pergama3</strong></span> <span class='ocrx_word' id='word_1_93' title='bbox 852 1975 967 2064; x_wconf 77' lang='lat' dir='ltr'><strong>capta</strong></span> <span class='ocrx_word' id='word_1_94' title='bbox 982 1976 1127 2040; x_wconf 79' lang='lat' dir='ltr'><strong>tamen:</strong></span> 
     </span>
     <span class='ocr_line' id='line_1_16' title="bbox 204 2081 1047 2180; baseline -0.005 -23"><span class='ocrx_word' id='word_1_95' title='bbox 204 2083 366 2180; x_wconf 78' lang='lat' dir='ltr'><strong>legerit,</strong></span> <span class='ocrx_word' id='word_1_96' title='bbox 386 2093 425 2156; x_wconf 94' lang='lat' dir='ltr'><strong>et</strong></span> <span class='ocrx_word' id='word_1_97' title='bbox 442 2082 536 2155; x_wconf 91' lang='lat' dir='ltr'><strong>nolit</strong></span> <span class='ocrx_word' id='word_1_98' title='bbox 552 2081 775 2168; x_wconf 80' lang='lat' dir='ltr'><strong>rescriberc3</strong></span> <span class='ocrx_word' id='word_1_99' title='bbox 804 2104 941 2178; x_wconf 83' lang='lat' dir='ltr'><strong>cogere</strong></span> <span class='ocrx_word' id='word_1_100' title='bbox 958 2081 1047 2154; x_wconf 91' lang='lat' dir='ltr'><strong>noli.</strong></span> 
     </span>
     <span class='ocr_line' id='line_1_17' title="bbox 251 2197 1251 2294; baseline -0.003 -22"><span class='ocrx_word' id='word_1_101' title='bbox 251 2198 311 2272; x_wconf 80' lang='lat' dir='ltr'><strong>&#39;l&#39;u</strong></span> <span class='ocrx_word' id='word_1_102' title='bbox 328 2200 440 2273; x_wconf 89' lang='lat' dir='ltr'><strong>modo</strong></span> <span class='ocrx_word' id='word_1_103' title='bbox 458 2198 659 2272; x_wconf 82' lang='lat' dir='ltr'><strong>blanditias</strong></span> <span class='ocrx_word' id='word_1_104' title='bbox 676 2197 736 2271; x_wconf 85' lang='lat' dir='ltr'><strong>fac</strong></span> <span class='ocrx_word' id='word_1_105' title='bbox 753 2197 994 2294; x_wconf 83' lang='lat' dir='ltr'><strong>legatusque</strong></span> <span class='ocrx_word' id='word_1_106' title='bbox 1011 2207 1107 2272; x_wconf 81' lang='lat' dir='ltr'><strong>tuas.</strong></span> <span class='ocrx_word' id='word_1_107' title='bbox 1173 2200 1251 2270; x_wconf 84' lang='grc'><strong>480</strong></span> 
     </span>
     <span class='ocr_line' id='line_1_18' title="bbox 204 2313 1078 2411; baseline -0.001 -22"><span class='ocrx_word' id='word_1_108' title='bbox 204 2314 300 2400; x_wconf 79' lang='lat' dir='ltr'><strong>Quae</strong></span> <span class='ocrx_word' id='word_1_109' title='bbox 316 2315 434 2389; x_wconf 83' lang='lat' dir='ltr'><strong>voluit</strong></span> <span class='ocrx_word' id='word_1_110' title='bbox 451 2314 600 2411; x_wconf 84' lang='lat' dir='ltr'><strong>legisse,</strong></span> <span class='ocrx_word' id='word_1_111' title='bbox 619 2315 720 2389; x_wconf 84' lang='lat' dir='ltr'><strong>volet</strong></span> <span class='ocrx_word' id='word_1_112' title='bbox 737 2313 940 2388; x_wconf 86' lang='lat' dir='ltr'><strong>rescribere</strong></span> <span class='ocrx_word' id='word_1_113' title='bbox 958 2315 1078 2388; x_wconf 70' lang='lat' dir='ltr'><strong>lectis.</strong></span> 
     </span>
     <span class='ocr_line' id='line_1_19' title="bbox 255 2429 1131 2527; baseline -0.002 -23"><span class='ocrx_word' id='word_1_114' title='bbox 255 2430 330 2505; x_wconf 90' lang='lat' dir='ltr'><strong>Per</strong></span> <span class='ocrx_word' id='word_1_115' title='bbox 347 2453 522 2503; x_wconf 89' lang='lat' dir='ltr'><strong>numeros</strong></span> <span class='ocrx_word' id='word_1_116' title='bbox 539 2430 691 2503; x_wconf 90' lang='lat' dir='ltr'><strong>venient</strong></span> <span class='ocrx_word' id='word_1_117' title='bbox 707 2429 781 2502; x_wconf 83' lang='lat' dir='ltr'><strong>ista</strong></span> <span class='ocrx_word' id='word_1_118' title='bbox 799 2429 1014 2527; x_wconf 81' lang='lat' dir='ltr'><strong>gradusque</strong></span> <span class='ocrx_word' id='word_1_119' title='bbox 1031 2453 1131 2505; x_wconf 83' lang='lat' dir='ltr'><strong>suos.</strong></span> 
     </span>
    </p>
   </div>
   <div class='ocr_carea' id='block_1_3' title="bbox 205 2544 1255 2994">
    <p class='ocr_par' dir='ltr' id='par_1_3' title="bbox 205 2544 1251 2759">
     <span class='ocr_line' id='line_1_20' title="bbox 205 2544 1077 2644; baseline -0.005 -23"><span class='ocrx_word' id='word_1_120' title='bbox 205 2546 377 2621; x_wconf 82' lang='lat' dir='ltr'><strong>Forsitan</strong></span> <span class='ocrx_word' id='word_1_121' title='bbox 396 2555 437 2620; x_wconf 86' lang='lat' dir='ltr'><strong>et</strong></span> <span class='ocrx_word' id='word_1_122' title='bbox 453 2546 573 2644; x_wconf 89' lang='lat' dir='ltr'><strong>primo</strong></span> <span class='ocrx_word' id='word_1_123' title='bbox 590 2546 716 2621; x_wconf 86' lang='lat' dir='ltr'><strong>veniet</strong></span> <span class='ocrx_word' id='word_1_124' title='bbox 732 2545 801 2618; x_wconf 92' lang='lat' dir='ltr'><strong>tibi</strong></span> <span class='ocrx_word' id='word_1_125' title='bbox 819 2544 928 2618; x_wconf 85' lang='lat' dir='ltr'><strong>litera</strong></span> <span class='ocrx_word' id='word_1_126' title='bbox 944 2544 1077 2633; x_wconf 82' lang='lat' dir='ltr'><strong>tristis3</strong></span> 
     </span>
     <span class='ocr_line' id='line_1_21' title="bbox 255 2660 1251 2759; baseline 0.001 -24"><span class='ocrx_word' id='word_1_127' title='bbox 255 2660 427 2759; x_wconf 87' lang='lat' dir='ltr'><strong>Quaeque</strong></span> <span class='ocrx_word' id='word_1_128' title='bbox 446 2673 564 2759; x_wconf 87' lang='lat' dir='ltr'><strong>roget,</strong></span> <span class='ocrx_word' id='word_1_129' title='bbox 584 2687 690 2737; x_wconf 89' lang='lat' dir='ltr'><strong>nese</strong></span> <span class='ocrx_word' id='word_1_130' title='bbox 709 2662 908 2736; x_wconf 83' lang='lat' dir='ltr'><strong>sollicitare</strong></span> <span class='ocrx_word' id='word_1_131' title='bbox 925 2661 1030 2734; x_wconf 84' lang='lat' dir='ltr'><strong>velis.</strong></span> <span class='ocrx_word' id='word_1_132' title='bbox 1175 2667 1251 2736; x_wconf 86' lang='grc'><strong>484</strong></span> 
     </span>
    </p>

    <p class='ocr_par' dir='ltr' id='par_1_4' title="bbox 206 2777 1255 2994">
     <span class='ocr_line' id='line_1_22' title="bbox 206 2777 1255 2877; baseline 0.001 -27"><span class='ocrx_word' id='word_1_133' title='bbox 206 2777 318 2862; x_wconf 86' lang='lat' dir='ltr'><strong>Quod</strong></span> <span class='ocrx_word' id='word_1_134' title='bbox 334 2788 440 2873; x_wconf 86' lang='lat' dir='ltr'><strong>rogat</strong></span> <span class='ocrx_word' id='word_1_135' title='bbox 457 2778 532 2864; x_wconf 83' lang='lat' dir='ltr'><strong>illa,</strong></span> <span class='ocrx_word' id='word_1_136' title='bbox 552 2779 677 2852; x_wconf 88' lang='lat' dir='ltr'><strong>timet:</strong></span> <span class='ocrx_word' id='word_1_137' title='bbox 705 2778 807 2877; x_wconf 88' lang='lat' dir='ltr'><strong>quod</strong></span> <span class='ocrx_word' id='word_1_138' title='bbox 826 2802 899 2851; x_wconf 91' lang='lat' dir='ltr'><strong>non</strong></span> <span class='ocrx_word' id='word_1_139' title='bbox 926 2789 1044 2873; x_wconf 84' lang='lat' dir='ltr'><strong>rogat,</strong></span> <span class='ocrx_word' id='word_1_140' title='bbox 1070 2787 1190 2875; x_wconf 86' lang='lat' dir='ltr'><strong>optat,</strong></span> <span class='ocrx_word' id='word_1_141' title='bbox 1211 2790 1255 2851; x_wconf 91' lang='lat' dir='ltr'><strong>ut</strong></span> 
     </span>
     <span class='ocr_line' id='line_1_23' title="bbox 254 2892 1252 2994; baseline 0.001 -28"><span class='ocrx_word' id='word_1_142' title='bbox 254 2892 478 2991; x_wconf 88' lang='lat' dir='ltr'><strong>Insequere;</strong></span> <span class='ocrx_word' id='word_1_143' title='bbox 492 2905 530 2967; x_wconf 91' lang='lat' dir='ltr'><strong>et</strong></span> <span class='ocrx_word' id='word_1_144' title='bbox 539 2897 614 2967; x_wconf 89' lang='lat' dir='ltr'><strong>voti</strong></span> <span class='ocrx_word' id='word_1_145' title='bbox 624 2895 824 2994; x_wconf 88' lang='lat' dir='ltr'><strong>postmodo</strong></span> <span class='ocrx_word' id='word_1_146' title='bbox 834 2917 990 2990; x_wconf 90' lang='lat' dir='ltr'><strong>compos</strong></span> <span class='ocrx_word' id='word_1_147' title='bbox 1001 2894 1085 2966; x_wconf 80' lang='lat' dir='ltr'><strong>erio.</strong></span> <span class='ocrx_word' id='word_1_148' title='bbox 1101 2893 1252 2988; x_wconf 74' lang='lat' dir='ltr'><strong>[instes</strong></span> 
     </span>
    </p>
   </div>
   <div class='ocr_carea' id='block_1_4' title="bbox 204 3076 1311 4178">
    <p class='ocr_par' dir='ltr' id='par_1_5' title="bbox 204 3076 1311 4178">
     <span class='ocr_line' id='line_1_24' title="bbox 204 3076 1255 3146; baseline -0.002 -18"><span class='ocrx_word' id='word_1_149' title='bbox 204 3078 239 3128; x_wconf 83' lang='lat' dir='ltr'><strong>sic</strong></span> <span class='ocrx_word' id='word_1_150' title='bbox 249 3077 356 3128; x_wconf 81' lang='lat' dir='ltr'><strong>divinum</strong></span> <span class='ocrx_word' id='word_1_151' title='bbox 372 3078 432 3128; x_wconf 85' lang='lat' dir='ltr'><strong>illud</strong></span> <span class='ocrx_word' id='word_1_152' title='bbox 447 3080 549 3144; x_wconf 82' lang='lat' dir='ltr'><strong>Augusti</strong></span> <span class='ocrx_word' id='word_1_153' title='bbox 560 3089 705 3146; x_wconf 67' lang='lat' dir='ltr'><strong>preceptum</strong></span> <span class='ocrx_word' id='word_1_154' title='bbox 789 3079 944 3143; x_wconf 69' lang='lat' dir='ltr'><strong>Gentiumque</strong></span> <span class='ocrx_word' id='word_1_155' title='bbox 963 3077 1054 3141; x_wconf 64' lang='lat' dir='ltr'><strong>om]</strong></span> <span class='ocrx_word' id='word_1_156' title='bbox 1083 3076 1142 3134; x_wconf 78' lang='lat' dir='ltr'><strong>Alii,</strong></span> <span class='ocrx_word' id='word_1_157' title='bbox 1163 3080 1255 3126; x_wconf 72' lang='lat' dir='ltr'><strong>conad-</strong></span> 
     </span>
     <span class='ocr_line' id='line_1_25' title="bbox 204 3149 1256 3218; baseline 0.002 -18"><span class='ocrx_word' id='word_1_158' title='bbox 204 3149 343 3217; x_wconf 66' lang='lat' dir='ltr'><strong>Agrippina</strong></span> <span class='ocrx_word' id='word_1_159' title='bbox 353 3153 427 3218; x_wconf 85' lang='lat' dir='ltr'><strong>Nepti</strong></span> <span class='ocrx_word' id='word_1_160' title='bbox 435 3154 527 3209; x_wconf 80' lang='lat' dir='ltr'><strong>datum,</strong></span> <span class='ocrx_word' id='word_1_161' title='bbox 537 3153 601 3218; x_wconf 79' lang='lat' dir='ltr'><strong>opud</strong></span> <span class='ocrx_word' id='word_1_162' title='bbox 609 3154 705 3202; x_wconf 88' lang='lat' dir='ltr'><strong>Sueton.</strong></span> <span class='ocrx_word' id='word_1_163' title='bbox 756 3163 831 3217; x_wconf 66' lang='lat' dir='ltr'><strong>rapio.</strong></span> <span class='ocrx_word' id='word_1_164' title='bbox 847 3152 892 3202; x_wconf 86' lang='lat' dir='ltr'><strong>hoc</strong></span> <span class='ocrx_word' id='word_1_165' title='bbox 911 3161 947 3202; x_wconf 80' lang='lat' dir='ltr'><strong>est</strong></span> <span class='ocrx_word' id='word_1_166' title='bbox 964 3160 1045 3208; x_wconf 76' lang='lat' dir='ltr'><strong>cauto.</strong></span> <span class='ocrx_word' id='word_1_167' title='bbox 1061 3150 1196 3217; x_wconf 69' lang='lat' dir='ltr'><strong>prudentie.</strong></span> <span class='ocrx_word' id='word_1_168' title='bbox 1213 3152 1256 3202; x_wconf 79' lang='lat' dir='ltr'><strong>sed</strong></span> 
     </span>
     <span class='ocr_line' id='line_1_26' title="bbox 205 3224 1255 3291; baseline 0.002 -18"><span class='ocrx_word' id='word_1_169' title='bbox 205 3224 507 3290; x_wconf 68' lang='lat' dir='ltr'><strong>cuplmvisedcpusrrt</strong></span> <span class='ocrx_word' id='word_1_170' title='bbox 515 3230 705 3289; x_wconf 64' lang='lat' dir='ltr'><strong>dareteopcrorm</strong></span> <span class='ocrx_word' id='word_1_171' title='bbox 756 3227 971 3291; x_wconf 77' lang='lat' dir='ltr'><strong>ulterumproestnt.</strong></span> <span class='ocrx_word' id='word_1_172' title='bbox 997 3225 1128 3275; x_wconf 73' lang='lat' dir='ltr'><strong>Hunorus.</strong></span> <span class='ocrx_word' id='word_1_173' title='bbox 1156 3226 1255 3275; x_wconf 71' lang='lat' dir='ltr'><strong>Consul·</strong></span> 
     </span>
     <span class='ocr_line' id='line_1_27' title="bbox 205 3299 1257 3366; baseline 0.004 -20"><span class='ocrx_word' id='word_1_174' title='bbox 205 3313 234 3346; x_wconf 76' lang='lat' dir='ltr'><strong>ne</strong></span> <span class='ocrx_word' id='word_1_175' title='bbox 249 3300 338 3346; x_wconf 67' lang='lat' dir='ltr'><strong>muso</strong></span> <span class='ocrx_word' id='word_1_176' title='bbox 356 3302 440 3348; x_wconf 73' lang='lat' dir='ltr'><strong>scribas</strong></span> <span class='ocrx_word' id='word_1_177' title='bbox 459 3310 502 3347; x_wconf 80' lang='lat' dir='ltr'><strong>out</strong></span> <span class='ocrx_word' id='word_1_178' title='bbox 523 3303 629 3363; x_wconf 65' lang='lat' dir='ltr'><strong>loquoris.</strong></span> <span class='ocrx_word' id='word_1_179' title='bbox 651 3301 705 3351; x_wconf 80' lang='lat' dir='ltr'><strong>vide</strong></span> <span class='ocrx_word' id='word_1_180' title='bbox 756 3299 1030 3364; x_wconf 58' lang='lat' dir='ltr'><strong>&amp;quondoquidem</strong></span> <span class='ocrx_word' id='word_1_181' title='bbox 1046 3299 1119 3356; x_wconf 76' lang='lat' dir='ltr'><strong>mule,</strong></span> <span class='ocrx_word' id='word_1_182' title='bbox 1132 3309 1158 3349; x_wconf 80' lang='lat' dir='ltr'><strong>ot</strong></span> <span class='ocrx_word' id='word_1_183' title='bbox 1170 3316 1257 3366; x_wconf 81' lang='lat' dir='ltr'><strong>repug-</strong></span> 
     </span>
     <span class='ocr_line' id='line_1_28' title="bbox 207 3371 1258 3441; baseline 0.005 -22"><span class='ocrx_word' id='word_1_184' title='bbox 207 3371 310 3420; x_wconf 69' lang='lat' dir='ltr'><strong>vivan.</strong></span> <span class='ocrx_word' id='word_1_185' title='bbox 322 3371 352 3420; x_wconf 87' lang='lat' dir='ltr'><strong>de</strong></span> <span class='ocrx_word' id='word_1_186' title='bbox 364 3372 386 3421; x_wconf 81' lang='lat' dir='ltr'><strong>vi</strong></span> <span class='ocrx_word' id='word_1_187' title='bbox 397 3381 421 3421; x_wconf 88' lang='lat' dir='ltr'><strong>et</strong></span> <span class='ocrx_word' id='word_1_188' title='bbox 432 3389 476 3422; x_wconf 83' lang='lat' dir='ltr'><strong>usu</strong></span> <span class='ocrx_word' id='word_1_189' title='bbox 488 3374 643 3438; x_wconf 76' lang='lat' dir='ltr'><strong>quorumdam</strong></span> <span class='ocrx_word' id='word_1_190' title='bbox 654 3391 706 3424; x_wconf 83' lang='lat' dir='ltr'><strong>ver·</strong></span> <span class='ocrx_word' id='word_1_191' title='bbox 756 3389 815 3424; x_wconf 74' lang='lat' dir='ltr'><strong>nnus</strong></span> <span class='ocrx_word' id='word_1_192' title='bbox 825 3389 881 3423; x_wconf 84' lang='lat' dir='ltr'><strong>cunr</strong></span> <span class='ocrx_word' id='word_1_193' title='bbox 892 3373 1085 3440; x_wconf 64' lang='lat' dir='ltr'><strong>procedentium</strong></span> <span class='ocrx_word' id='word_1_194' title='bbox 1094 3377 1124 3423; x_wconf 68' lang='grc' dir='ltr'><strong>σὺ</strong></span> <span class='ocrx_word' id='word_1_195' title='bbox 1138 3377 1166 3423; x_wconf 78' lang='lat' dir='ltr'><strong>in</strong></span> <span class='ocrx_word' id='word_1_196' title='bbox 1172 3375 1258 3441; x_wconf 76' lang='lat' dir='ltr'><strong>fronte</strong></span> 
     </span>
     <span class='ocr_line' id='line_1_29' title="bbox 207 3447 984 3514; baseline 0.003 -20"><span class='ocrx_word' id='word_1_197' title='bbox 207 3447 298 3494; x_wconf 83' lang='lat' dir='ltr'><strong>borum.</strong></span> <span class='ocrx_word' id='word_1_198' title='bbox 314 3461 370 3510; x_wconf 74' lang='lat' dir='ltr'><strong>pag.</strong></span> <span class='ocrx_word' id='word_1_199' title='bbox 386 3447 411 3494; x_wconf 81' lang='lat'><strong>7.</strong></span> <span class='ocrx_word' id='word_1_200' title='bbox 427 3447 507 3510; x_wconf 86' lang='lat' dir='ltr'><strong>inepte</strong></span> <span class='ocrx_word' id='word_1_201' title='bbox 527 3448 622 3497; x_wconf 84' lang='lat' dir='ltr'><strong>lllcruln</strong></span> <span class='ocrx_word' id='word_1_202' title='bbox 632 3464 705 3514; x_wconf 84' lang='lat' dir='ltr'><strong>crpo-</strong></span> <span class='ocrx_word' id='word_1_203' title='bbox 756 3452 861 3498; x_wconf 72' lang='lat' dir='ltr'><strong>diremi.</strong></span> <span class='ocrx_word' id='word_1_204' title='bbox 893 3448 984 3497; x_wconf 71' lang='lat' dir='ltr'><strong>Arena.</strong></span> 
     </span>
     <span class='ocr_line' id='line_1_30' title="bbox 205 3518 1259 3588; baseline 0.003 -19"><span class='ocrx_word' id='word_1_205' title='bbox 205 3519 262 3577; x_wconf 77' lang='lat' dir='ltr'><strong>suit,</strong></span> <span class='ocrx_word' id='word_1_206' title='bbox 299 3518 378 3568; x_wconf 81' lang='lat' dir='ltr'><strong>minus</strong></span> <span class='ocrx_word' id='word_1_207' title='bbox 412 3519 513 3568; x_wconf 74' lang='lat' dir='ltr'><strong>amicam</strong></span> <span class='ocrx_word' id='word_1_208' title='bbox 552 3521 705 3571; x_wconf 74' lang='lat' dir='ltr'><strong>delectantis.</strong></span> <span class='ocrx_word' id='word_1_209' title='bbox 789 3524 845 3572; x_wconf 80' lang='grc'><strong>475.</strong></span> <span class='ocrx_word' id='word_1_210' title='bbox 861 3522 924 3577; x_wconf 81' lang='lat' dir='ltr'><strong>Quid</strong></span> <span class='ocrx_word' id='word_1_211' title='bbox 941 3522 1034 3588; x_wconf 66' lang='lat' dir='ltr'><strong>magio]</strong></span> <span class='ocrx_word' id='word_1_212' title='bbox 1066 3522 1120 3572; x_wconf 86' lang='lat' dir='ltr'><strong>Hoc</strong></span> <span class='ocrx_word' id='word_1_213' title='bbox 1138 3521 1259 3572; x_wconf 74' lang='lat' dir='ltr'><strong>distichon</strong></span> 
     </span>
     <span class='ocr_line' id='line_1_31' title="bbox 209 3593 1259 3653; baseline 0.001 -9"><span class='ocrx_word' id='word_1_214' title='bbox 209 3593 300 3644; x_wconf 73' lang='lat' dir='ltr'><strong>Bonu-</strong></span> <span class='ocrx_word' id='word_1_215' title='bbox 757 3595 832 3646; x_wconf 77' lang='lat' dir='ltr'><strong>adfert</strong></span> <span class='ocrx_word' id='word_1_216' title='bbox 841 3597 926 3646; x_wconf 86' lang='lat' dir='ltr'><strong>Scncc.</strong></span> <span class='ocrx_word' id='word_1_217' title='bbox 937 3595 980 3644; x_wconf 85' lang='lat' dir='ltr'><strong>lib.</strong></span> <span class='ocrx_word' id='word_1_218' title='bbox 987 3596 1022 3643; x_wconf 84' lang='lat' dir='ltr'><strong>iv.</strong></span> <span class='ocrx_word' id='word_1_219' title='bbox 1031 3595 1118 3644; x_wconf 80' lang='lat' dir='ltr'><strong>Notur.</strong></span> <span class='ocrx_word' id='word_1_220' title='bbox 1129 3597 1224 3653; x_wconf 65' lang='lat' dir='ltr'><strong>Quat.</strong></span> <span class='ocrx_word' id='word_1_221' title='bbox 1234 3598 1259 3645; x_wconf 76' lang='lat'><strong>³.</strong></span> 
     </span>
     <span class='ocr_line' id='line_1_32' title="bbox 239 3667 1259 3734; baseline 0.001 -17"><span class='ocrx_word' id='word_1_222' title='bbox 239 3669 298 3717; x_wconf 78' lang='lat'><strong>466.</strong></span> <span class='ocrx_word' id='word_1_223' title='bbox 324 3667 404 3716; x_wconf 77' lang='lat' dir='ltr'><strong>Valens</strong></span> <span class='ocrx_word' id='word_1_224' title='bbox 424 3670 471 3717; x_wconf 79' lang='lat' dir='ltr'><strong>cdii</strong></span> <span class='ocrx_word' id='word_1_225' title='bbox 491 3668 580 3731; x_wconf 69' lang='lat' dir='ltr'><strong>litern]</strong></span> <span class='ocrx_word' id='word_1_226' title='bbox 621 3669 705 3734; x_wconf 86' lang='lat' dir='ltr'><strong>Inepte</strong></span> <span class='ocrx_word' id='word_1_227' title='bbox 790 3669 853 3723; x_wconf 81' lang='lat' dir='ltr'><strong>Quid</strong></span> <span class='ocrx_word' id='word_1_228' title='bbox 863 3669 1155 3733; x_wconf 67' lang='lat' dir='ltr'><strong>mogirmmwdum]</strong></span> <span class='ocrx_word' id='word_1_229' title='bbox 1178 3670 1259 3718; x_wconf 73' lang='lat' dir='ltr'><strong>Illar-</strong></span> 
     </span>
     <span class='ocr_line' id='line_1_33' title="bbox 208 3741 1260 3809; baseline 0.001 -17"><span class='ocrx_word' id='word_1_230' title='bbox 208 3742 304 3792; x_wconf 77' lang='lat' dir='ltr'><strong>Merula</strong></span> <span class='ocrx_word' id='word_1_231' title='bbox 314 3744 391 3790; x_wconf 65' lang='lat' dir='ltr'><strong>ochos</strong></span> <span class='ocrx_word' id='word_1_232' title='bbox 400 3757 456 3792; x_wconf 86' lang='lat' dir='ltr'><strong>cum</strong></span> <span class='ocrx_word' id='word_1_233' title='bbox 469 3743 537 3790; x_wconf 79' lang='lat' dir='ltr'><strong>litera</strong></span> <span class='ocrx_word' id='word_1_234' title='bbox 545 3743 675 3807; x_wconf 82' lang='lat' dir='ltr'><strong>conjungit,</strong></span> <span class='ocrx_word' id='word_1_235' title='bbox 682 3752 706 3791; x_wconf 87' lang='lat' dir='ltr'><strong>et</strong></span> <span class='ocrx_word' id='word_1_236' title='bbox 756 3751 814 3792; x_wconf 81' lang='lat' dir='ltr'><strong>crct.</strong></span> <span class='ocrx_word' id='word_1_237' title='bbox 824 3755 852 3791; x_wconf 86' lang='lat' dir='ltr'><strong>ut</strong></span> <span class='ocrx_word' id='word_1_238' title='bbox 862 3759 915 3806; x_wconf 71' lang='lat' dir='ltr'><strong>qun</strong></span> <span class='ocrx_word' id='word_1_239' title='bbox 926 3741 1071 3808; x_wconf 64' lang='lat' dir='ltr'><strong>precedunt,</strong></span> <span class='ocrx_word' id='word_1_240' title='bbox 1080 3743 1123 3809; x_wconf 88' lang='lat' dir='ltr'><strong>qui</strong></span> <span class='ocrx_word' id='word_1_241' title='bbox 1132 3742 1195 3793; x_wconf 88' lang='lat' dir='ltr'><strong>libro</strong></span> <span class='ocrx_word' id='word_1_242' title='bbox 1203 3743 1222 3793; x_wconf 84' lang='lat' dir='ltr'><strong>i.</strong></span> <span class='ocrx_word' id='word_1_243' title='bbox 1229 3743 1260 3793; x_wconf 87' lang='lat' dir='ltr'><strong>de</strong></span> 
     </span>
     <span class='ocr_line' id='line_1_34' title="bbox 209 3814 1020 3881; baseline 0 -18"><span class='ocrx_word' id='word_1_244' title='bbox 209 3815 305 3881; x_wconf 78' lang='lat' dir='ltr'><strong>exponit</strong></span> <span class='ocrx_word' id='word_1_245' title='bbox 321 3814 417 3863; x_wconf 88' lang='lat' dir='ltr'><strong>dicendi</strong></span> <span class='ocrx_word' id='word_1_246' title='bbox 437 3815 566 3871; x_wconf 78' lang='lat' dir='ltr'><strong>efficacem,</strong></span> <span class='ocrx_word' id='word_1_247' title='bbox 581 3831 635 3864; x_wconf 85' lang='lat' dir='ltr'><strong>curn</strong></span> <span class='ocrx_word' id='word_1_248' title='bbox 653 3816 706 3879; x_wconf 83' lang='lat' dir='ltr'><strong>jun·</strong></span> <span class='ocrx_word' id='word_1_249' title='bbox 757 3833 833 3867; x_wconf 88' lang='lat' dir='ltr'><strong>rerum</strong></span> <span class='ocrx_word' id='word_1_250' title='bbox 845 3816 946 3873; x_wconf 76' lang='lat' dir='ltr'><strong>Natura,</strong></span> <span class='ocrx_word' id='word_1_251' title='bbox 957 3818 1020 3866; x_wconf 76' lang='lat'><strong>³14:</strong></span> 
     </span>
     <span class='ocr_line' id='line_1_35' title="bbox 210 3888 1311 3954; baseline 0.004 -18"><span class='ocrx_word' id='word_1_252' title='bbox 210 3888 288 3951; x_wconf 74' lang='lat' dir='ltr'><strong>gunda</strong></span> <span class='ocrx_word' id='word_1_253' title='bbox 299 3889 341 3937; x_wconf 73' lang='lat' dir='ltr'><strong>ills</strong></span> <span class='ocrx_word' id='word_1_254' title='bbox 352 3905 396 3938; x_wconf 87' lang='lat' dir='ltr'><strong>vox</strong></span> <span class='ocrx_word' id='word_1_255' title='bbox 407 3889 438 3938; x_wconf 84' lang='lat' dir='ltr'><strong>sit</strong></span> <span class='ocrx_word' id='word_1_256' title='bbox 448 3905 503 3938; x_wconf 86' lang='lat' dir='ltr'><strong>cum</strong></span> <span class='ocrx_word' id='word_1_257' title='bbox 513 3907 599 3938; x_wconf 73' lang='lat' dir='ltr'><strong>musra.</strong></span> <span class='ocrx_word' id='word_1_258' title='bbox 618 3890 706 3938; x_wconf 79' lang='lat' dir='ltr'><strong>Boon.</strong></span> <span class='ocrx_word' id='word_1_259' title='bbox 790 3892 900 3939; x_wconf 66' lang='lat' dir='ltr'><strong>Stdlicidi</strong></span> <span class='ocrx_word' id='word_1_260' title='bbox 910 3907 974 3940; x_wconf 76' lang='lat' dir='ltr'><strong>curm</strong></span> <span class='ocrx_word' id='word_1_261' title='bbox 984 3893 1261 3954; x_wconf 71' lang='lat' dir='ltr'><strong>lepidsncrroc15uncus</strong></span> <span class='ocrx_word' id='word_1_262' title='bbox 1309 3916 1311 3921; x_wconf 60' lang='lat'>&gt;</span> 
     </span>
     <span class='ocr_line' id='line_1_36' title="bbox 242 3962 898 4029; baseline -0.002 -17"><span class='ocrx_word' id='word_1_263' title='bbox 242 3963 297 4012; x_wconf 80' lang='lat'><strong>467.</strong></span> <span class='ocrx_word' id='word_1_264' title='bbox 310 3962 452 4027; x_wconf 73' lang='lat' dir='ltr'><strong>Credibilis]</strong></span> <span class='ocrx_word' id='word_1_265' title='bbox 477 3964 706 4029; x_wconf 77' lang='lat' dir='ltr'><strong>Douzainterpreta-</strong></span> <span class='ocrx_word' id='word_1_266' title='bbox 821 3966 898 4011; x_wconf 81' lang='lat' dir='ltr'><strong>aratri</strong></span> 
     </span>
     <span class='ocr_line' id='line_1_37' title="bbox 207 4036 1260 4105; baseline 0.002 -21"><span class='ocrx_word' id='word_1_267' title='bbox 207 4037 285 4092; x_wconf 84' lang='lat' dir='ltr'><strong>hatur,</strong></span> <span class='ocrx_word' id='word_1_268' title='bbox 296 4036 418 4087; x_wconf 83' lang='lat' dir='ltr'><strong>intellectu</strong></span> <span class='ocrx_word' id='word_1_269' title='bbox 426 4037 509 4092; x_wconf 75' lang='lat' dir='ltr'><strong>facilis,</strong></span> <span class='ocrx_word' id='word_1_270' title='bbox 517 4037 663 4105; x_wconf 86' lang='lat' dir='ltr'><strong>perspicuus,</strong></span> <span class='ocrx_word' id='word_1_271' title='bbox 675 4048 706 4094; x_wconf 81' lang='lat' dir='ltr'><strong>el,</strong></span> <span class='ocrx_word' id='word_1_272' title='bbox 792 4036 888 4085; x_wconf 61' lang='lat' dir='ltr'><strong>Frueris</strong></span> <span class='ocrx_word' id='word_1_273' title='bbox 906 4040 998 4087; x_wconf 74' lang='lat' dir='ltr'><strong>occulto</strong></span> <span class='ocrx_word' id='word_1_274' title='bbox 1008 4040 1116 4086; x_wconf 70' lang='lat' dir='ltr'><strong>deviarit</strong></span> <span class='ocrx_word' id='word_1_275' title='bbox 1137 4055 1212 4086; x_wconf 71' lang='lat' dir='ltr'><strong>numer</strong></span> <span class='ocrx_word' id='word_1_276' title='bbox 1235 4042 1260 4086; x_wconf 80' lang='lat' dir='ltr'><strong>in</strong></span> 
     </span>
     <span class='ocr_line' id='line_1_38' title="bbox 207 4109 1227 4178; baseline 0.001 -19"><span class='ocrx_word' id='word_1_277' title='bbox 207 4119 233 4159; x_wconf 89' lang='lat' dir='ltr'><strong>ut</strong></span> <span class='ocrx_word' id='word_1_278' title='bbox 244 4109 278 4161; x_wconf 76' lang='lat' dir='ltr'><strong>ile</strong></span> <span class='ocrx_word' id='word_1_279' title='bbox 289 4110 365 4169; x_wconf 70' lang='lat' dir='ltr'><strong>dicer,</strong></span> <span class='ocrx_word' id='word_1_280' title='bbox 374 4111 540 4177; x_wconf 80' lang='lat' dir='ltr'><strong>intelligibilis.</strong></span> <span class='ocrx_word' id='word_1_281' title='bbox 614 4173 617 4178; x_wconf 13' lang='grc' dir='ltr'><strong><em>ἶ</em></strong></span> <span class='ocrx_word' id='word_1_282' title='bbox 823 4114 892 4160; x_wconf 75' lang='lat' dir='ltr'><strong>orris.</strong></span> <span class='ocrx_word' id='word_1_283' title='bbox 1135 4111 1227 4161; x_wconf 66' lang='lat' dir='ltr'><strong>Arrun.</strong></span> 
     </span>
    </p>
   </div>
   <div class='ocr_carea' id='block_1_5' title="bbox 0 0 1463 4980">
    <p class='ocr_par' dir='ltr' id='par_1_6' title="bbox 0 0 1463 4980">
     <span class='ocr_line' id='line_1_39' title="bbox 0 0 1463 4980; baseline 0 0"><span class='ocrx_word' id='word_1_284' title='bbox 0 0 1463 4980; x_wconf 95' lang='lat' dir='ltr'><strong> </strong></span> 
     </span>
    </p>
   </div>
  </div>
 </body>
</html>
