2896 4980
499 377 759 445 HEROIDES.
787 378 857 445 ΕΡ.
882 378 950 443 XI.
1180 385 1244 451 141

207 548 355 626 Interea
371 552 527 651 patrius,
545 553 649 625 vultu
666 562 858 638 moerente,
877 553 1027 627 satelles

254 665 379 756 Venit,
399 680 438 742 et
455 669 626 764 indignos
645 667 762 740 edidit
779 692 842 740 ore
860 693 992 743 sonos:

206 781 334 857 AEolus
352 786 452 859 hunc
466 810 594 860 ensem
608 785 721 857 mittit
738 784 823 857 tibi:
844 786 1014 879 (tradidit
1031 789 1176 884 ensem)
1194 794 1242 864 95

254 898 306 973 Et
317 901 429 998 jubet
446 926 494 975 ex
511 900 643 975 merito
661 901 768 985 scire,
788 900 879 996 quid
897 901 967 974 iste
983 903 1084 977 velit.

205 1013 376 1104 Scimus;
405 1029 444 1092 et
461 1027 609 1090 utemur
625 1016 786 1090 violento
804 1014 945 1090 sortiter
963 1041 1074 1092 ense:

255 1130 478 1207 Pectoribus
496 1133 656 1206 condam
673 1130 771 1204 dona
788 1141 945 1227 paterna
961 1134 1067 1207 meis.

205 1246 276 1322 His
293 1273 379 1324 mea
395 1250 625 1334 muneribus,
645 1247 802 1343 genitor,
822 1250 1009 1323 connubia
1026 1251 1168 1326 donas?

254 1363 338 1440 Hac
356 1378 421 1441 tua
437 1368 539 1452 dote,
558 1375 677 1464 pater,
696 1362 773 1435 filia
789 1362 892 1436 dives
911 1365 1005 1438 erit?
1172 1374 1242 1444 100

203 1478 309 1556 Tolle
326 1485 457 1582 procul
475 1484 634 1580 decepte
652 1479 766 1566 facee,
787 1478 1008 1578 Hymenaee,
1028 1486 1198 1562 moritus:

254 1596 305 1672 Et
321 1598 410 1696 fuge
427 1600 577 1673 turbato
595 1606 698 1670 tecta
713 1593 875 1668 nefanda
891 1599 1000 1694 pede.

205 1712 314 1789 Ferte
331 1715 433 1790 faces
451 1716 490 1789 in
507 1739 580 1801 me,
600 1737 694 1812 quas
712 1711 827 1799 fertis,
848 1712 1033 1814 Erinnyes
1051 1729 1153 1807 atrae,

254 1829 309 1904 Ut
325 1856 431 1905 meus
450 1855 498 1905 ex
517 1833 588 1904 isto
605 1831 731 1903 luceat
747 1831 832 1925 igne
851 1855 975 1927 rogus.

205 1945 347 2022 Nubite
363 1948 504 2033 felices,
524 1946 646 2020 Parca
662 1945 827 2031 meliore,
846 1971 1011 2023 sorores:
1174 1958 1242 2028 105

253 2061 419 2137 Admissi
437 2086 621 2137 memores
636 2060 703 2134 sed
720 2071 846 2134 tamen
863 2075 945 2138 este
962 2067 1048 2140 mei.

202 2276 288 2337 licent,
298 2289 323 2329 et
338 2280 434 2346 plurimi
445 2280 496 2329 alii.
514 2289 640 2345 utrumque
657 2281 698 2328 de·
747 2279 1086 2346 brariispermutaufueruut.
1120 2286 1209 2334 Burri.

202 2351 266 2402 lendi
277 2362 361 2420 potest
377 2354 428 2421 ipse
437 2355 522 2404 Noster
529 2354 563 2403 iii.
580 2354 698 2403 Amonvi.
780 2358 822 2405 99.
840 2357 885 2404 His
894 2374 941 2405 mea
951 2362 1088 2415 muneribus,
1100 2360 1160 2423 dte]
1182 2361 1242 2409 Cou-

236 2428 319 2495 Ungus
332 2439 413 2478 notato
430 2447 510 2488 contos,
527 2447 605 2495 suffles
620 2440 698 2479 notatu
748 2432 817 2479 stulta
831 2434 916 2479 donare
930 2436 1059 2480 muneribus
1072 2433 1155 2481 dubito
1165 2434 1243 2493 valde,

264 2521 344 2571 genos.
576 2505 665 2554 Herus.
748 2507 870 2554 anlntine
878 2505 978 2564 dicatur,
988 2516 1028 2556 aut
1038 2508 1069 2555 sit
1076 2523 1117 2572 pro
1125 2507 1244 2559 Ovidiana

203 2577 278 2628 Gom
291 2577 331 2628 bie
346 2576 488 2645 proferrem,
499 2578 556 2645 quis
565 2579 652 2628 rectius
661 2579 698 2628 di·
747 2578 875 2643 elegantia.
892 2580 950 2628 lorte
961 2580 1087 2643 legendum
1098 2583 1169 2631 dutus.
1180 2583 1243 2646 quod

148 2666 152 2671 ’
200 2651 435 2719 citurus-unguibus
451 2656 476 2701 in
491 2669 697 2719 genusquamco-
747 2654 1026 2717 sequentiuconiirmant.
1059 2654 1148 2703 Buris.

201 2742 257 2776 ιω.
275 2726 589 2793 rid.supr.sdEp.r.72.
607 2728 696 2775 Burin.
783 2729 837 2776 101.
856 2727 918 2776 Tolle
943 2729 1023 2788 procul
1048 2729 1161 2793 decepte]
1190 2728 1243 2779 lloe

145 2804 151 2815 “
232 2802 275 2851 93.
292 2800 386 2850 luteres
399 2804 575 2864 patrienuultu
585 2812 697 2859 intercute,
748 2802 847 2859 esttibi
863 2801 919 2850 hinc
936 2802 1067 2866 llymenaee
1087 2801 1202 2869 decepte3
1218 2804 1243 2853 id

200 2876 295 2933 mdia,
304 2875 366 2939 δια]
385 2875 474 2929 Nullus
484 2876 567 2926 dubito
578 2876 636 2940 quin
646 2892 697 2925 om·
747 2886 792 2934 est,
799 2875 840 2942 qui
848 2885 961 2941 tanquam
970 2875 1000 2924 ad
1008 2875 1090 2925 felices
1100 2877 1194 2943 nuptias
1203 2894 1243 2928 re·

201 2948 242 2999 uie
255 2948 309 2999 hee
325 2947 428 2999 Ovidius
443 2948 597 3015 depromserit
612 2965 626 2998 e
640 2950 698 2998 Tre·
748 2966 817 2999 neres
827 2967 881 3000 curn
897 2950 953 3007 tuis,
963 2949 1007 2998 boc
1018 2958 1054 2998 est
1065 2950 1210 3016 nuptialibus
1219 2963 1245 3003 et

200 3022 290 3087 mdis,
310 3037 384 3088 quam
408 3022 542 3087 Euripides,
568 3021 699 3087 Ἐρωτικὸς
748 3023 857 3073 feticibus
868 3023 944 3079 tedis,
955 3031 979 3072 et
990 3023 1118 3073 succedent
1128 3024 1244 3091 Erinnyes

201 3098 275 3163 Ιηρ,
285 3104 313 3146 ut
330 3104 400 3146 roeat
415 3095 538 3145 numen.
555 3096 619 3162 apud
630 3097 697 3145 Stob.
748 3114 803 3147 cum
819 3098 876 3147 utris
893 3107 917 3146 et
934 3097 1045 3147 feralibus
1063 3098 1161 3157 lacibus,
1181 3117 1241 3165 quo-

201 3169 466 3235 Eslesrinseripserat3
482 3171 550 3235 enjus
566 3170 699 3233 fragments
748 3171 812 3221 nium
823 3172 861 3221 bic
872 3171 935 3220 cirea
945 3179 1044 3220 mortem
1059 3181 1083 3221 et
1097 3172 1167 3223 funus
1176 3173 1243 3223 lebo-

200 3244 284 3296 ednos
293 3260 370 3310 usque
386 3255 550 3308 pervenerunt,
561 3244 624 3309 apud
639 3246 698 3293 Ber·
748 3261 834 3302 ramus,
845 3261 892 3293 non
909 3244 973 3294 circu
988 3245 1089 3310 nuptias,
1101 3256 1142 3295 eut
1156 3264 1193 3297 res
1209 3248 1244 3297 le-

201 3319 374 3384 mp.⁴44;
390 3327 415 3367 et
429 3318 571 3384 amplissime
583 3319 699 3368 illustrate
748 3319 814 3368 lices.
831 3320 976 3368 Mrcrnrus·
1012 3319 1074 3368 Tolle
1082 3338 1162 3383 precor
1172 3322 1242 3371 Men·

201 3393 271 3443 act.
287 3392 347 3442 Viro
363 3391 427 3440 tud.
448 3392 520 3456 Casp.
537 3392 697 3441 -Vulckeutten
747 3392 848 3442 telienus
857 3393 928 3458 prior.
961 3393 1051 3442 Hrrss.

200 3467 361 3518 Bismeminit
372 3467 490 3524 Comicus,
501 3467 533 3515 ed
547 3469 613 3516 Nub.
628 3469 698 3524 1374,
783 3468 838 3515 103.
856 3467 942 3529 Atre]
960 3466 1061 3516 Mallem
1077 3477 1147 3524 uuas,
1163 3477 1191 3517 ut
1208 3471 1245 3517 iu-

200 3541 300 3591 eiRen.
312 3542 370 3590 8⁷4.
741 3541 835 3606 saumas
851 3541 911 3590 dixit
929 3542 975 3606 Ep.
993 3541 1026 3590 vi.
1043 3542 1084 3589 46.
1102 3551 1126 3589 et
1143 3542 1244 3607 Stygios.

233 3614 331 3665 Patr-ius
350 3615 461 3678 satelles]
488 3616 592 3663 Patruus
610 3615 697 3665 Putea·
749 3615 806 3664 Vel.
819 3616 884 3664 Flac.
898 3615 925 3662 ii.
939 3616 994 3663 173.
1007 3624 1031 3662 et
1041 3615 1102 3663 Stat.
1118 3614 1150 3664 iv.
1166 3616 1243 3664 Theb.

200 3702 268 3739 neus.
301 3689 417 3755 Sequenti
425 3705 492 3738 versu
501 3692 602 3752 prodidit
612 3707 650 3739 ore
657 3707 698 3755 pro
752 3689 806 3738 1³3.
827 3689 953 3736 Furiarum
965 3691 1067 3749 lampade
1077 3691 1155 3753 nigra.
1174 3699 1197 3738 et
1200 3689 1244 3753 fu-

200 3764 270 3813 ituit
280 3780 343 3814 unus
352 3762 488 3812 Mediceis.
505 3764 594 3830 placet.
619 3765 698 3812 Hnru·
748 3779 795 3811 eom
810 3773 885 3810 utram
901 3761 1015 3825 Virgilius
1031 3776 1125 3825 quoque
1143 3761 1203 3808 dixit
1218 3778 1244 3810 x.

200 3854 262 3888 mus.
293 3837 360 3888 Illud
369 3841 471 3900 prodidit
481 3839 584 3902 elegans,
596 3838 659 3903 quod
675 3848 699 3888 et
749 3836 837 3885 AEneid
854 3837 894 3884 77»
928 3836 1019 3882 Lucan.
1032 3833 1059 3881 ii.
1071 3835 1128 3880 ³01.
1163 3833 1245 3882 Furias

200 3909 225 3960 in
250 3909 460 3962 Helmestediensi
481 3921 566 3960 exstat.
595 3912 625 3959 de
652 3928 699 3976 quo
749 3919 828 3959 tumen
845 3911 906 3975 ipses
921 3908 1121 3973 μελαινὰςνοοαῑ
1134 3884 1244 3971 ltichyt.

200 3986 280 4044 verbo,
296 3985 353 4035 ride
375 4002 429 4051 quie
450 3986 567 4050 congessit
588 3985 700 4034 Heinsius
750 3985 875 4050 Agamem.
892 3980 1107 4044 tto.qu0u11udit
1125 3979 1209 4030 Cicero
1220 3980 1245 4029 in

199 4057 334 4110 dctsud.
353 4059 372 4108 i.
390 4059 465 4125 Rapt.
483 4062 508 4109 3.
525 4060 594 4109 dcet
607 4059 624 4106 i.
637 4060 699 4108 Met.
750 4059 832 4108 Vetin.
847 4060 886 4107 13.
919 4056 1009 4103 Bonus.

193 4130 257 4184 tot.
272 4132 344 4183 multi
354 4132 449 4183 oodiees
463 4137 617 4196 moderotunr
632 4149 699 4197 gene·
784 4133 839 4180 105.
868 4126 977 4188 Nubite]
1013 4123 1156 4188 Simpliciter
1182 4124 1245 4174 ecci·

199 4209 241 4257 tlt.
257 4216 284 4260 et
299 4205 464 4272 uniquique
483 4206 535 4256 hee
552 4206 625 4256 verbu
640 4221 655 4254 e
670 4205 699 4253 li·
750 4205 863 4270 piendum
879 4212 916 4250 est
931 4199 1037 4255 verbum,
1054 4199 1142 4248 ”uille-
1159 4214 1205 4249 11⁰⁰
1218 4207 1247 4248 ¹¹2
