2896 4980
485 294 744 363 HEROIDES.
768 294 839 361 ΕΡ.
864 294 975 363 XIX.
1186 300 1252 368 281

211 468 341 568 thue
358 494 486 568 rogem
500 471 549 546 de
566 482 617 558 te,
632 483 670 545 et
687 472 849 545 scribam
867 472 948 559 tibi,
963 473 995 545 si
1013 474 1098 571 quis
1112 473 1253 575 Abydo

258 585 426 674 Venerit,
445 597 523 675 aut,
543 611 683 686 qnaero,
702 588 735 661 si
753 589 838 684 quis
855 588 1021 687 Abydon
1039 603 1113 665 eat.
1202 598 1253 668 30

209 700 310 788 Quid
322 703 494 794 referam,
509 705 658 803 quoties
671 704 758 779 dem
768 706 935 780 vestibus
948 709 1089 797 oscula,
1102 733 1198 809 quas
1211 723 1253 785 tu

258 816 569 920 Hellespontiaca
587 823 696 921 ponis
713 823 832 896 iturus
850 826 978 922 aqua?

212 935 274 1010 Sic
291 939 357 1011 ubi
374 938 441 1012 lux
459 952 545 1013 acta
561 950 632 1027 est,
652 953 691 1014 et
707 941 828 1015 noctis
847 941 999 1016 amicior
1017 943 1109 1016 hora

259 1050 446 1129 Exhibuit
462 1055 570 1154 pulso
588 1056 712 1131 sidera
728 1056 829 1130 clara
846 1056 929 1146 die3

210 1166 387 1245 Protinus
404 1169 442 1244 in
461 1174 609 1245 summat
628 1170 821 1269 vigilantia
837 1172 978 1246 lumina
993 1183 1096 1247 turre
1205 1179 1254 1249 35

259 1282 454 1373 Ponimus,
474 1287 640 1361 adsuetas
658 1289 766 1385 signa
783 1299 988 1386 notamque
1003 1287 1085 1363 viae.

209 1397 401 1501 Tortaque
416 1413 564 1477 versato
581 1404 762 1479 ducentes
781 1406 942 1478 stamina
957 1404 1052 1493 suso,

259 1514 441 1593 Feminea
458 1521 585 1594 tardas
603 1521 765 1596 fallimus
783 1533 862 1597 arte
879 1545 1014 1596 moras.

210 1629 311 1717 Quid
328 1634 464 1735 loquar
480 1638 622 1714 interea
637 1651 714 1713 tam
733 1641 844 1736 longo
862 1649 1044 1737 tempore,
1064 1636 1228 1736 quaeris?

261 1748 339 1839 Nil,
359 1752 431 1826 nisi
450 1752 609 1829 Leandri
627 1779 775 1843 nomen,
794 1756 833 1828 in
850 1779 915 1830 ore
931 1779 1016 1829 meo
1034 1766 1104 1830 est.
1206 1760 1256 1829 40

210 1863 233 1938 J
236 1889 346 1942 amne
363 1880 475 1967 putes
493 1873 617 1947 exisse
634 1874 747 1947 domo
765 1897 851 1947 mea
867 1873 1016 1970 gaudia,
1036 1874 1189 1947 nutrix?

259 1982 320 2057 An
338 1986 495 2082 vigilant
511 1993 668 2064 omnesl
694 2004 734 2065 et
750 1992 860 2065 timet
877 1991 939 2063 ille
956 1990 1072 2063 suos?

211 2095 234 2170 J
237 2121 346 2176 amne
364 2126 453 2176 suus
472 2105 636 2180 humeris
655 2107 759 2180 illum
777 2107 967 2205 deponere
984 2117 1129 2193 vestes3

261 2215 420 2293 Pallade
433 2222 513 2317 jam
531 2222 660 2321 pingui
679 2224 851 2319 tinguere
868 2222 1037 2295 membra
1053 2221 1191 2317 putes?

242 2500 708 2569 wUtmoerogemdeteetrcrilnmtidid
795 2504 893 2552 Pallade
901 2508 953 2566 jam
967 2505 1050 2567 pingui
1061 2505 1149 2567 tingere
1165 2504 1261 2550 merulru

214 2572 302 2625 Versus
310 2576 386 2642 paulo
394 2575 482 2626 durior.
517 2578 581 2627 Libri
597 2594 639 2628 sex
650 2582 711 2630 rdet
822 2589 897 2642 ριιιιι.

212 2664 259 2699 uon
268 2660 408 2715 agnorunt.
424 2668 486 2701 unus
495 2653 673 2712 Ambrosianus,
683 2666 711 2704 ut
762 2653 820 2710 Ubi,
834 2652 870 2701 vel
881 2660 962 2701 contra
970 2650 1077 2699 codicum
1085 2649 1262 2715 fidem,smgsre

212 2726 316 2774 ιιιιιιιιιι.
350 2725 413 2775 Puto
435 2724 562 2792 legendum
579 2728 624 2777 hoc
642 2729 712 2779 modo
762 2722 1261 2792 reponendumcontendo.llrrusrcs.Nou

212 2804 287 2849 totum
296 2798 431 2851 distichon:
762 2812 819 2866 puto
829 2800 868 2848 hic
876 2800 954 2847 locum
965 2813 1031 2863 posse
1039 2797 1126 2846 habere
1128 2800 1229 2863 fingere,
1235 2808 1262 2849 ut

247 2872 321 2940 thue
333 2891 410 2940 rogem
420 2877 448 2923 de
468 2886 488 2924 te
506 2893 655 2940 cumamque,
668 2880 712 2927 luc
763 2875 829 2924 alibi.
846 2883 870 2923 et
881 2882 961 2921 tamen
971 2871 1070 2921 offendit
1079 2872 1121 2921 ille
1132 2874 1182 2921 soni
1198 2874 1261 2938 ejus·

306 2949 476 3012 siquieAlydo
762 2947 817 2998 dem
837 2947 940 3005 iteratio,
955 2949 1039 3012 pinges·
1057 2950 1172 3013 tinguere.
1189 2962 1262 3012 quere

279 3020 385 3073 Venerit:
402 3024 713 3090 sermidamsiquiulloy·
762 3038 808 3087 ego
821 3022 927 3079 mallem,
943 3021 1034 3087 Unger·
1044 3025 1097 3083 jusu
1111 3023 1197 3086 pingat
1209 3023 1263 3083 put·

306 3098 412 3146 dmrt.
764 3098 815 3145 tude
832 3097 929 3144 membra
944 3105 1019 3157 putes.
1042 3109 1097 3143 nem
1116 3095 1141 3143 in
1159 3094 1264 3159 antiquis

214 3166 307 3221 Deinde
330 3186 435 3236 sequens
455 3170 573 3222 distichon
599 3172 655 3221 huic
677 3182 714 3221 est
762 3169 949 3220 omnibuseditis
960 3178 1005 3226 set,
1018 3168 1115 3234 Tingere
1116 3171 1171 3232 jem
1179 3172 1264 3235 pingui

214 3244 407 3311 mudum.
424 3245 558 3297 Ηιιιιιιιιι.
575 3247 644 3296 Nihil
655 3256 713 3312 puto
761 3247 855 3308 pallude
862 3247 959 3295 mlta
966 3255 1039 3308 putes,
1046 3260 1115 3293 voces
1125 3251 1205 3295 eutem
1216 3247 1264 3294 tin-

214 3318 367 3369 mendum·
391 3319 436 3370 sed
456 3335 539 3371 sensus
558 3330 584 3370 et
602 3321 660 3370 ordo
680 3322 715 3371 ita
762 3338 833 3385 gerere
843 3329 867 3370 ct
877 3336 988 3385 umere,
999 3319 1088 3383 ubique
1100 3318 1149 3368 sere
1158 3334 1264 3370 commu

213 3393 409 3455 mutuenda,
437 3403 464 3444 ut
485 3412 565 3461 rogem
585 3396 615 3445 de
636 3404 669 3452 te,
690 3404 715 3444 et
764 3404 845 3445 tatus
860 3393 970 3444 librariis.
981 3393 1031 3442 vid.
1049 3392 1068 3442 i.
1079 3392 1161 3443 Amor.
1171 3393 1221 3443 xiv.
1236 3395 1263 3443 2.

213 3466 715 3535 numum,quem,n(1uenan)qus
764 3470 823 3519 eti.
833 3469 888 3519 Art
898 3469 957 3518 288.
993 3467 1096 3533 Tangere
1112 3476 1163 3517 erut
1178 3468 1266 3519 inuno

214 3538 713 3609 Abydcveneritautsiquisdbydoneat
763 3543 860 3602 Mureti,
880 3553 905 3593 et
924 3542 1042 3609 excerptis
1060 3543 1164 3593 Dones:
1192 3543 1264 3591 etium

214 3612 324 3665 illesus
340 3616 405 3667 mule
413 3632 469 3667 cum
479 3635 552 3681 quaro
563 3631 714 3684 conjunctum
765 3619 899 3685 eleganter:
919 3633 974 3667 nam
985 3620 1032 3666 oleo
1046 3628 1141 3683 sategere
1149 3617 1265 3666 Catonem

214 3688 319 3739 unum
327 3706 434 3741 sensum
452 3692 542 3741 Βυιιιι.
764 3688 1265 3769 ειιΙιιιοιιειιιιιιιιιιειιοιιιιιὸιιιιοι.’8

244 3766 286 3817 36.
307 3764 339 3815 In
357 3782 445 3815 mrum
466 3767 553 3831 turre]
579 3765 610 3814 In
630 3782 715 3814 musmo
764 3768 871 3816 Martial.
884 3767 926 3815 lib.
938 3766 969 3814 vi.
981 3765 1063 3829 Epigr.
1075 3766 1114 3812 74.
1131 3764 1221 3812 Βιιιιιι.

215 3846 272 3889 teu
296 3840 435 3890 Putemus
463 3848 488 3889 et
514 3841 601 3890 Mureti
627 3839 713 3889 codex.
796 3844 838 3891 44.
866 3840 985 3903 Pallade]
1011 3838 1091 3894 Olivo,
1112 3837 1181 3901 cujus
1200 3843 1264 3885 tute
1303 3884 1308 3907 ¹

215 3910 346 3965 Mnus.
381 3916 525 3980 Nonpmbc.
561 3914 714 3963 Turrisenim
763 3915 895 3964 lumlrabct
908 3914 996 3961 Pallas.
1018 3908 1262 3959 Natstoresoleoim·

216 3986 321 4039 eduin
331 3988 476 4055 medenti
482 3988 588 4054 Epistola
598 3986 714 4036 meminit.
764 3989 876 4045 buuutur,
889 4003 918 4035 ne
934 3999 1049 4051 aquarum
1066 3981 1194 4045 frigiditate
1213 3980 1263 4031 laesi

247 4062 288 4112 41.
304 4062 389 4111 lum
396 4063 490 4127 putus]
505 4062 574 4111 Putes
581 4062 714 4126 complures
764 4064 829 4112 nervi
839 4063 964 4127 rigescant.

217 4134 305 4203 misti.
320 4146 348 4186 ut
359 4144 384 4185 et
394 4136 469 4187 tribus
480 4137 510 4185 ab
521 4136 576 4185 hinc
586 4136 690 4184 versibus
701 4155 705 4179 ι

279 4218 357 4267 VOL.
374 4216 398 4267 1.
859 4217 876 4262 S

336 4402 601 4702 Α

299 4618 305 4637 ¹.
332 4604 341 4621 ι

303 4654 340 4701 ...Δὶ
