2896 4980
482 285 741 383 ennomus.
766 284 836 381 nrt
859 314 984 385 xrrr.
1188 320 1254 387 sss

212 492 329 569 Fumo
344 500 471 567 tomen
484 491 586 566 claro
598 501 676 566 est:
697 502 737 565 et
752 490 875 564 adhuc
889 490 970 565 siue
987 490 1141 567 crimine
1154 492 1250 570 vixi:

260 608 313 685 Et
329 609 480 684 leudem
498 609 546 683 dc
564 633 625 682 me
643 608 766 681 nullus
784 607 930 681 adulter
947 607 1073 682 habet.

210 725 295 812 Quo
311 727 432 824 magis
450 727 623 812 admiror,
644 749 729 822 quae
748 725 798 798 sit
813 724 952 798 fiducia
968 725 1100 823 coepti3

260 843 453 943 Spemque
470 843 541 917 tori
558 842 704 915 dederit
721 865 806 939 quoe
823 840 891 915 tibi
910 865 1045 916 caussa
1061 842 1148 916 mei.
1202 849 1252 917 20

207 958 280 1047 An,
300 960 390 1058 quia
406 959 481 1034 vim
499 959 607 1034 nobis
626 956 841 1057 Neptunius
860 957 986 1032 attulit
1001 957 1133 1033 heros:

257 1075 386 1175 Rapta
402 1078 532 1163 semel,
551 1077 680 1150 videor
696 1076 754 1148 bis
772 1098 926 1173 quoque
943 1074 1177 1172 digna-rapi?

208 1191 362 1267 Crimen
379 1203 461 1267 erat
477 1201 657 1278 nostrum,
676 1190 708 1263 si
726 1189 892 1264 delenita
908 1188 1075 1263 fuissem.

258 1307 358 1382 Cum
376 1309 447 1382 sim
466 1319 584 1407 rapta,
604 1331 730 1383 meum
748 1307 852 1406 quid,
871 1306 942 1380 nisi
961 1304 1185 1392 n011e‚suitt

208 1421 295 1498 Non
311 1434 439 1499 tomen
458 1450 479 1500 e
496 1424 596 1498 facto
613 1423 776 1497 fructum
794 1422 881 1496 tulit
896 1421 959 1495 ille
976 1422 1157 1519 petitum:
1201 1426 1250 1496 25

255 1536 444 1639 Excepto,
463 1540 554 1614 redii
572 1562 696 1638 possa,
715 1538 860 1624 timore,
878 1536 982 1610 nihil.

208 1653 352 1730 Oscula
367 1656 524 1730 luctanti
541 1654 801 1729 tantummodo
817 1676 941 1752 pauca
957 1660 1150 1750 protervus

254 1769 446 1846 Abstulit:
475 1771 630 1846 ulterius
648 1770 700 1844 nil
717 1770 833 1843 habet
849 1769 912 1843 ille
929 1768 1016 1841 mei.

207 2065 249 2102 nus
258 2053 379 2103 abemus.
396 2050 453 2103 hino
462 2056 525 2103 sedeo
534 2056 565 2103 ab
577 2051 630 2103 eliis
639 2052 703 2103 criu'-
752 2050 858 2102 imitatus
868 2051 1051 2117 Maronemqui
1061 2051 1103 2101 lib.
1114 2051 1141 2099 ii.
1153 2048 1252 2100 AEneid.

207 2124 246 2185 cit.
262 2128 293 2177 sb
314 2126 369 2178 eliis
389 2131 466 2178 uideor
483 2128 584 2178 lectum.
616 2129 701 2178 Senec.
753 2126 794 2175 75.
829 2124 1250 2189 Quesitfidueioeaepto‚utquidom

207 2198 277 2251 Hern-
286 2201 337 2251 OEt.
347 2202 403 2252 166.
751 2197 793 2247 illo
802 2199 854 2248 loco
865 2199 958 2265 legunt.
975 2199 1017 2249 sed
1028 2199 1113 2247 melius
1122 2208 1158 2247 est
1173 2201 1250 2261 cepti.

238 2274 294 2330 Qvi!
312 2276 522 2335 witusBrisreut,
537 2280 588 2341 quit
602 2279 702 2326 tumidus
751 2282 776 2322 et
789 2274 906 2338 fiduciam
932 2289 987 2322 curu
1012 2271 1117 2337 genitivo
1137 2273 1251 2321 construit

268 2349 345 2417 Gyges
751 2358 839 2407 Noster
848 2356 944 2423 possim,
955 2364 980 2406 et
996 2356 1060 2406 idem
1072 2355 1159 2421 Virgil.
1177 2355 1220 2403 lib.
1232 2354 1250 2405 i.

236 2422 465 2493 neomagum
555 2466 558 2471 .
754 2432 810 2481 132.

206 2496 564 2565 Ideetvnltotumrigidol'uit.
581 2500 645 2549 idem
653 2500 701 2548 Pu-
786 2505 890 2554 Tantone
911 2521 946 2553 vot
963 2506 1053 2569 generis
1071 2504 1145 2551 tenuit
1155 2502 1249 2565 fiducia

206 2580 310 2631 mmm,
326 2577 374 2623 visi
392 2589 435 2640 pro
445 2576 498 2632 luti,
509 2573 603 2624 diversa
618 2574 701 2623 itidem
816 2573 894 2628 vestri.
1128 2577 1217 2624 Burrus.

206 2645 304 2698 lectiom
330 2647 440 2712 sequenti
461 2664 539 2697 versu.
566 2657 593 2697 ut
613 2655 637 2696 et
660 2647 701 2696 olii
783 2655 825 2701 21.
843 2651 952 2714 Intulit]
976 2650 1006 2698 Iu
1024 2647 1151 2706 nonnullis,
1168 2651 1250 2697 attulit

204 2720 281 2770 multi.
297 2721 511 2787 sedlusipraestat.
538 2722 649 2772 Ceterum
659 2738 702 2787 pro
752 2727 833 2776 Heror.
855 2727 1017 2775 Nouosruus.
1052 2723 1139 2771 Attulit
1161 2722 1249 2771 Puteo-

196 2792 578 2859 sffllflmlarwbvidetur
588 2811 700 2861 repom·
751 2817 810 2850 ueus
825 2816 880 2850 cum
898 2799 974 2866 primo
992 2797 1096 2847 editione
1113 2806 1138 2846 et
1151 2796 1250 2862 Scriptis

202 2866 266 2926 don.
276 2886 331 2919 m
341 2878 384 2920 ss.
400 2885 480 2919 cuam
494 2869 567 2919 habui
581 2869 700 2919 existima·
749 2875 865 2941 plurimis.
877 2873 931 2922 Art.
943 2873 1000 2921 Am.
1011 2872 1054 2921 lib.
1065 2871 1083 2920 i.
1101 2872 1158 2920 679.
1169 2887 1197 2921 ex
1208 2887 1248 2921 co-

201 2942 289 2994 fltm
304 2959 392 2994 meum.
412 2944 482 2994 lemur
506 2944 631 2993 celebritas
655 2943 699 2994 boc
750 2948 843 2999 dicibus
852 2947 959 3013 scriptis:

200 3017 341 3071 locontur·
350 3018 476 3068 commode
489 3027 627 3068 ostentetur.
643 3034 699 3068 con·
786 3025 835 3072 Vim
849 3039 915 3085 pana
929 3032 961 3070 est
973 3021 1060 3078 Plebs,
1071 3022 1105 3069 vis
1120 3029 1152 3068 est
1168 3020 1249 3069 adlato

200 3092 365 3144 tmDidoills
380 3092 541 3160 opudVirgil.
559 3091 700 3143 turencio.
814 3101 893 3146 sorori.

203 3168 258 3219 170.
750 3172 828 3222 Cicer.
847 3168 953 3234 Philipp.
974 3167 1002 3217 ii.
1039 3167 1071 3216 Ut
1089 3169 1134 3216 ills
1154 3165 1249 3232 (credo)

232 3241 313 3306 Nque
322 3244 383 3291 enim
392 3241 563 3307 tmiesmvt
572 3251 683 3290 movetur·
749 3246 840 3312 nefario
859 3254 950 3294 roratur
969 3243 1072 3291 consulto
1084 3243 1181 3305 fierent,
1202 3244 1248 3290 uim

577 3316 668 3365 Herus.
749 3320 879 3386 adferebam
897 3318 1000 3366 Senatui.
1017 3317 1075 3367 Act.
1090 3315 1117 3364 ii.
1132 3315 1158 3364 in
1176 3317 1247 3366 Verr.

199 3386 269 3438 Nulli
283 3387 368 3439 burum
378 3387 570 3438 emendationum
580 3390 700 3439 calculum
752 3392 827 3446 Quam
841 3392 920 3439 multis
935 3394 1004 3439 utum
1015 3390 1130 3438 Meteilus
1139 3389 1249 3455 familias

199 3460 303 3528 udjioere
320 3477 426 3528 possum.
460 3462 524 3510 Nam
541 3472 651 3513 constans
669 3464 699 3512 li·
750 3467 1057 3532 oimjottulisreeristimotirl
1074 3466 1155 3523 Quare
1163 3465 1249 3514 trustra

197 3532 294 3585 bem
302 3535 458 3602 plurimorum
468 3545 492 3585 et
500 3537 640 3602 optimorum
650 3537 698 3588 lec·
748 3551 785 3591 est
794 3557 894 3607 magnus
904 3540 1061 3590 Casoubonus
1069 3555 1125 3605 pug.
1139 3541 1193 3588 172.
1204 3555 1247 3589 uo·

198 3608 240 3667 tio,
248 3616 275 3659 et
284 3609 357 3659 simul
366 3610 427 3659 ratio
439 3612 468 3660 τὸ
477 3613 541 3659 sedeo
550 3620 643 3661 tuetur:
656 3629 697 3679 ap·
748 3625 825 3665 torum
836 3616 867 3664 ad
878 3615 974 3691 ejulej.
987 3614 1137 3680 Apologinm,
1148 3613 1190 3678 qui
1206 3612 1247 3661 illo

197 3682 388 3733 t'nr'unnrnenim
404 3683 538 3734 castitatem
553 3685 663 3750 jactanti,
674 3694 698 3735 et
747 3689 800 3739 loco
810 3705 859 3755 pro,
871 3689 963 3737 &mili
977 3705 1097 3736 monum
1107 3697 1199 3736 mortem
1210 3687 1247 3733 ot·

197 3757 413 3824 uuonupudicis
429 3775 455 3808 re
471 3759 614 3816 recensenti,
625 3760 698 3809 Hele·
748 3765 859 3819 lotumm,
869 3763 960 3829 reponit
970 3765 1101 3810 iturorum.
1118 3777 1172 3809 curu
1186 3761 1246 3809 ulte·

197 3833 402 3883 unverbom.
413 3832 522 3898 P10pert.
557 3833 645 3883 Burrus.
747 3853 799 3886 rum
816 3852 900 3902 parum
917 3836 1001 3885 Intiue
1021 3835 1111 3884 dictum
1128 3835 1246 3899 opinetur,

229 3906 270 3955 to.
287 3903 388 3955 Fiducia
397 3906 488 3970 cepto]
508 3906 579 3969 Copti
595 3907 699 3958 murima
748 3911 811 3977 quod
822 3912 912 3960 dictum
924 3920 959 3959 est
970 3909 1128 3958 Lotinissime.
1145 3908 1236 3957 Hirrus.

196 3994 250 4045 Μ
263 3978 388 4031 codicum·
403 3981 448 4030 ted
461 3990 529 4044 cepto
538 3982 630 4030 firmam
644 3998 697 4047 pot-
779 3987 821 4034 23.
839 3983 966 4045 Delinito.]
987 3982 1068 4030 Scribe
1086 3983 1186 4030 dolatile
1194 4000 1204 4042 ‚·
1221 3990 1247 4032 el

196 4062 240 4115 nt,
248 4054 317 4121 quod
324 4053 435 4106 videatur
444 4055 483 4105 hie
494 4063 576 4106 suctor
585 4056 697 4122 Epistola
748 4057 844 4108 vidend
855 4056 955 4115 Quinct.
966 4055 1008 4104 lib.
1016 4072 1040 4103 v.
1052 4054 1132 4104 Instit.
1143 4056 1168 4104 8.

259 4134 339 4185 VOI.
355 4134 378 4185 1.
700 4185 704 4194 ,
838 4139 860 4196 Q

157 4548 345 4693 hs·
648 4644 665 4693 ‚l
949 4634 953 4643 '
