2896 4980
205 303 271 369 sul
500 300 539 364 Ρ.
563 297 726 365 0v1o11
746 240 960 366 NASleS

112 488 115 506 ²
208 473 262 548 At
278 472 432 549 meliora
447 474 584 561 dobut3
612 497 725 548 curvo
742 474 823 549 sine
840 481 995 550 vomere¹
1005 474 1145 572 fruges,

261 588 470 687 Pomaque,
489 599 528 663 et
544 590 583 663 in
600 612 742 685 quercu
760 590 874 665 mella
888 601 1039 690 reperta
1053 592 1162 665 card.
1204 595 1254 665 40

213 703 294 778 Nec
312 705 434 779 valido
448 705 654 804 ‚quisquam
671 719 788 782 terras
805 705 973 792 findebat
990 716 1134 781 mauu:

208 909 209 913 Ἰ
262 820 446 917 Signabat
462 822 565 895 nullo
582 822 699 896 limite
716 846 866 897 mensor
883 824 1051 896 humum.

210 924 299 1007 Non
317 935 413 1011 sreta
429 937 583 1010 demissi
597 939 794 1012 verrebant
812 949 919 1012 emta
934 940 1040 1013 remi.

264 1049 408 1129 Ultima
423 1053 570 1127 mortali
586 1064 668 1127 tum
685 1053 744 1127 vis
759 1054 848 1128 litus
865 1067 958 1128 erat.

214 1166 356 1244 Contra
371 1180 409 1244 te
427 1171 570 1257 sollers,
590 1171 781 1245 hominurn
800 1169 958 1257 Natura,
977 1169 1102 1258 fuisti;
1206 1173 1256 1242 45

113 1294 125 1334 ἱ
263 1281 314 1356 Et
331 1284 486 1357 nimium
503 1285 650 1358 damnis
668 1285 862 1382 ingeniosa
878 1285 966 1359 tuis.

212 1397 298 1483 Quo
316 1399 396 1486 tibi,
416 1402 556 1475 turritis
574 1402 763 1499 incingere
780 1402 966 1476 moenibus
983 1402 1123 1475 urbest

263 1515 348 1599 Quo
366 1516 447 1604 tibi,
465 1518 656 1592 discordes
675 1519 812 1593 addere
831 1518 869 1590 in
887 1540 990 1592 arma
1005 1517 1166 1590 munus?

214 1628 315 1713 Quid
333 1632 402 1707 tibi
419 1658 505 1707 curn
523 1633 683 1732 pelago?
709 1634 808 1707 terre
827 1642 1004 1706 contente
1019 1631 1168 1705 fuisses.

264 1746 344 1819 Cur
360 1773 434 1821 non
452 1760 490 1823 et
507 1751 654 1836 coelum,
674 1750 784 1824 tertia
799 1773 927 1846 regna,
945 1748 1069 1847 petis?
1207 1753 1255 1822 50

214 1859 299 1945 Qut
320 1862 421 1948 licet,
441 1864 606 1937 adfectas
624 1864 760 1937 coelum
778 1888 943 1962 quoque.
971 1864 1113 1962 templa
1130 1862 1254 1948 Qniri-

264 1975 387 2063 Liber,
407 1990 446 2051 et
457 1979 624 2068 Alcides,
640 1993 679 2055 et
696 1982 806 2055 modo
822 1981 964 2067 Caesar,
978 1980 1131 2053 habent.
1152 1981 1252 2075 [nus,

215 2089 391 2164 Eruimus
408 2095 507 2167 terrtl
524 2095 683 2168 solidum
701 2119 768 2194 pro
785 2096 954 2193 frugibus
972 2118 1115 2169 aurum.

265 2205 442 2281 Possidet
458 2208 626 2283 inventas
644 2212 825 2307 sanguine
842 2212 950 2284 miles
966 2232 1072 2308 opes.

217 2323 333 2396 Curia
349 2325 577 2420 pauperibus
591 2327 719 2401 clause
735 2339 816 2401 est:
844 2327 910 2400 dat
921 2349 1058 2400 census
1071 2325 1253 2409 honores3

264 2438 359 2512 lnde
377 2439 499 2534 gravis
511 2441 652 2536 judex;
682 2441 768 2515 inde
787 2464 938 2515 severus
955 2463 1086 2538 eques.
1204 2441 1254 2514 56

246 2776 287 2822 4³.
307 2774 401 2822 Demissi
415 2776 532 2823 verrebant
545 2785 612 2824 eruta
629 2778 705 2840 remu]
759 2792 801 2824 nes
821 2791 836 2824 a
853 2775 942 2823 latinis
959 2773 1028 2823 culti.
1062 2772 1134 2821 Certe
1152 2771 1178 2819 ln
1195 2771 1255 2820 anti·

216 2847 310 2895 Demissl
327 2846 362 2895 illi
375 2847 431 2894 remi
447 2856 545 2912 possunt
563 2847 664 2912 intelligi
679 2865 708 2897 es
759 2848 813 2913 quis
828 2845 1025 2913 inscriptionibus,
1045 2844 1152 2893 Virtutis
1168 2843 1256 2893 font-

213 2921 303 2969 naviin
319 2937 391 2970 mare.
408 2920 449 2969 sed
465 2928 547 2970 tamen
560 2922 619 2970 forte
636 2921 709 2988 scrip·
759 2925 795 2971 nte
804 2922 905 2972 occurrit
915 2921 1010 2971 mentio.
1034 2919 1168 2969 Harssrns.
1200 2918 1256 2969 Non

212 2994 281 3043 serit:
759 2995 885 3060 persuadet
903 2995 947 3042 hoe
968 2994 1019 3042 loco
1039 2990 1162 3041 Heinsius.
1194 2993 1256 3042 Bae·

246 3068 299 3115 Nun
315 3068 383 3131 fretu
399 3069 486 3116 demissi
506 3071 624 3116 verr-statu
642 3079 710 3116 erutu
759 3068 829 3117 chum
841 3068 903 3117 enim
918 3068 957 3116 hic
974 3065 1087 3133 praetetlri
1104 3067 1173 3115 nolu
1188 3076 1258 3125 esset,

278 3146 346 3191 rami.
550 3149 552 3152 ’
760 3141 801 3206 qui
820 3141 868 3190 lere
884 3156 976 3206 semper
994 3150 1049 3188 eum
1060 3139 1175 3195 Hercule.
1188 3140 1258 3190 Dios·

215 3216 289 3264 Utsd
306 3214 405 3280 primurn
416 3224 441 3264 et
452 3215 530 3268 adhuc
545 3216 627 3266 rudem
645 3215 709 3264 nuvi-
760 3216 830 3272 curis,
849 3225 874 3263 et
894 3215 947 3262 eliis
963 3212 1088 3268 Heroibns.
1110 3212 1152 3276 qui
1170 3214 1257 3263 virtute

212 3289 285 3352 gandi
304 3288 416 3351 originem
435 3289 542 3345 adludat,
559 3305 612 3340 curn
634 3305 710 3338 ramos
759 3290 847 3341 ooelum
864 3295 1032 3343 meruerunt,e
1045 3285 1125 3334 Poetis
1141 3302 1257 3337 memora·

214 3363 329 3412 deformes
348 3370 372 3409 et
393 3363 544 3414 infabricatos
564 3363 710 3412 adhiberent.
759 3375 805 3420 tur,
828 3362 913 3428 quibus
937 3361 1065 3410 Romulum
1091 3360 1258 3412 sectatorem

216 3437 312 3484 Demisrt
322 3452 376 3484 vero
385 3436 443 3485 rami
460 3447 557 3500 possunt
567 3438 620 3501 capi
630 3438 708 3502 dejec·
759 3436 893 3485 adulatores
910 3433 1012 3484 Romani
1032 3433 1121 3483 addere
1141 3434 1259 3498 solebam

214 3511 240 3566 tl,
251 3508 367 3575 amputati
377 3525 406 3556 ex
418 3508 546 3558 arboribus.
580 3511 669 3562 Eunu.
759 3513 794 3561 Er
805 3511 905 3561 lornruls
915 3526 970 3575 ergo
980 3509 1047 3574 quasi
1056 3509 1143 3558 Noster
1149 3509 1259 3560 sollemni

245 3587 287 3634 ⁵2.
305 3583 374 3632 suu
389 3594 411 3632 et
421 3583 532 3645 Alcides]
552 3584 606 3633 Non
622 3584 709 3635 damno
759 3596 783 3633 et
792 3583 901 3634 omnibns
911 3584 999 3633 usitate
1012 3583 1055 3632 lune
1070 3581 1190 3633 semideos
1199 3600 1257 3634 esu-

213 3659 427 3717 hancleotionern3
444 3672 499 3707 eum
517 3666 595 3706 tamen
606 3660 709 3725 optimus
755 3659 842 3724 jungit,
863 3675 923 3723 quos
945 3666 1035 3708 veteres
1053 3655 1138 3706 eodem
1160 3673 1259 3709 numero

214 3732 452 3790 Palatinus,‘Vtritus
471 3741 493 3778 et
511 3732 607 3780 Alcides.
640 3733 708 3784 Forte
759 3731 869 3781 habuisse
879 3730 989 3780 vidimus.
1020 3728 1188 3794 Eseulepiurn
1203 3732 1256 3796 qui·

213 3807 371 3863 scribendum,
394 3806 491 3861 Virbius,
519 3808 615 3854 Alcida.
647 3807 708 3855 Bac·
758 3803 1258 3863 demhissnonnullisaeeenserilatemur,

214 3881 272 3930 chus
280 3881 342 3929 enim
348 3880 409 3929 inter
415 3879 583 3928 vetustissimos
590 3881 662 3935 Deos,
670 3881 708 3929 cui
759 3878 801 3927 sed
811 3879 842 3927 sb
859 3878 968 3927 omnibus
984 3875 1115 3931 Bacchum,
1127 3884 1155 3925 ut
1171 3877 1258 3943 prinei-

214 3952 271 4001 nihil
281 3968 334 4000 curn
346 3951 382 4001 his
392 3951 575 4002 recentioribus:
595 3953 618 4000 hi
630 3963 708 4002 antem
759 3968 811 4015 pem
840 3951 907 4015 quasi
934 3950 989 3999 lruie
1013 3951 1118 3997 Deorum
1146 3966 1259 4001 novorum

213 4025 338 4083 Romulus,
357 4026 480 4082 Hercules,
491 4024 571 4076 Cesar
588 4037 642 4076 sunl
659 4043 708 4075 otn-
759 4027 832 4074 turbae
844 4026 913 4074 inseri
924 4025 1037 4074 videmus.
1070 4023 1162 4075 Boas.
