2896 4980
423 358 683 427 HEROIDES.
712 359 781 425 ΕΡ.
806 360 888 426 VII.
1129 368 1177 435 98

139 529 218 606 Hos
236 533 362 630 potius
380 534 537 632 populos
557 534 594 605 in
611 533 750 620 dotem,
771 534 927 632 ambage
946 539 1113 627 remisse,

184 647 327 746 Accipe
342 675 350 736 ;
380 660 418 723 et
436 650 611 723 advectas
629 647 886 746 Pygmalionis
904 675 1007 749 opes
1106 660 1176 731 150

137 763 230 837 llion
249 766 287 837 in
305 765 458 864 Tyriam
475 765 633 840 transfer
651 764 795 837 felicius
814 767 965 842 urbem:

185 880 383 979 Hancque,
402 884 526 956 locum
545 882 662 978 regni,
682 894 907 979 sceptraque
925 907 1032 959 secra
1048 896 1147 961 tene.

136 996 176 1068 Si
194 998 262 1071 tibi
281 1021 387 1072 mens
405 999 513 1072 avida
529 1010 588 1072 est
605 998 705 1084 belli,
722 999 753 1071 si
771 999 904 1094 quaerit
922 998 1026 1074 liilus

185 1112 296 1186 Unde
314 1138 382 1188 suo
400 1126 527 1212 partus
546 1113 671 1187 Marte
688 1116 898 1212 triumphus
916 1127 997 1205 eat;

134 1225 256 1310 Quem
275 1240 438 1327 superet,
453 1253 500 1302 ne
515 1229 606 1326 quid
625 1230 734 1316 desit,
749 1230 999 1327 praebebimus
1013 1233 1171 1309 hostem.

184 1343 257 1419 Hic
276 1347 381 1444 pacis
399 1348 523 1443 leges:
552 1347 612 1420 hic
630 1347 734 1420 locus
753 1369 856 1419 arma
872 1347 986 1446 capit.
1104 1353 1173 1424 156

133 1458 190 1533 Tu
208 1462 331 1549 modo,
351 1487 418 1561 per
435 1473 604 1549 matrem,
623 1462 859 1561 fraterneque
876 1465 963 1551 tela,
979 1463 1147 1561 sagittas,
1207 1454 1209 1459 ’

183 1576 333 1676 Perque
351 1578 448 1676 sugae
466 1580 636 1667 comiteS,
657 1580 835 1654 Dardana
852 1605 969 1666 sacra,
990 1581 1114 1656 Deos:

133 1691 216 1784 (Sic
235 1707 423 1792 superent,
443 1720 702 1792 quoscumque
720 1706 785 1769 tua
797 1696 844 1770 de
862 1708 973 1792 gente
992 1706 1171 1795 reportas,

182 1806 286 1882 Mars
304 1810 403 1884 ferus
421 1822 459 1885 et
476 1811 621 1885 damnis
640 1811 689 1884 sit
705 1813 838 1885 modus
856 1812 918 1885 ille
935 1812 1022 1898 tuis,
1103 1817 1173 1887 160

132 1920 393 2023 Ascaniusque
412 1952 499 2000 suos
518 1926 674 2000 feliciter
692 1927 847 2025 impleat
864 1951 993 2012 annos,

183 2038 233 2111 Et
250 2042 349 2114 senis
368 2042 543 2116 Anchisae
562 2043 722 2116 molliter
739 2069 826 2118 ossa
843 2043 999 2138 cubent)

131 2248 240 2297 Abstrmo
256 2249 327 2299 etiam
337 2249 455 2300 meliores.
488 2252 537 2301 Alii
548 2252 625 2307 aliter,
675 2256 746 2301 ventis
755 2257 864 2316 remisque
877 2263 1022 2317 properatum
1032 2263 1073 2301 ert.
1093 2263 1118 2301 et
1127 2267 1171 2302 en·

130 2321 212 2370 eodem
223 2332 302 2371 tamen
316 2339 397 2373 omnes
411 2340 480 2374 sensu
496 2325 558 2374 hunc
575 2342 625 2375 ver·
674 2325 760 2390 tiques,
772 2326 887 2392 inprimis
900 2327 972 2376 etiam
983 2328 1085 2382 AEnean,
1097 2327 1174 2375 ventis

131 2410 182 2443 sum
193 2396 246 2444 libri
257 2397 376 2448 exhibent.
393 2399 525 2449 Hmusrus.
551 2400 626 2448 Immo
675 2401 791 2466 remisque
808 2400 931 2465 navigasse
947 2401 1016 2449 docet
1031 2399 1125 2448 Servius
1140 2400 1172 2448 ed

131 2485 184 2518 vero
194 2471 285 2519 diverso
295 2488 365 2521 sensu
378 2472 447 2522 multi
458 2475 552 2523 codices
562 2475 626 2523 hunc
675 2475 963 2539 virgit.i.AEneid.104.
997 2475 1087 2523 Boou.

131 2560 223 2593 versum
234 2545 356 2595 exhibent.
373 2563 428 2596 nem
444 2548 469 2597 in
485 2549 571 2614 Ibegr'o,
581 2551 625 2599 Ju-
710 2551 764 2598 152.
774 2549 846 2612 Inque
856 2551 903 2598 loco
913 2552 973 2613 regis
983 2558 1070 2609 sceptro
1081 2557 1172 2597 sacram

131 2618 200 2668 niano
218 2629 242 2669 et
259 2637 300 2669 sex
318 2620 371 2670 eliis
389 2632 452 2671 erat:
473 2623 547 2687 thue
556 2628 626 2687 juvet
676 2624 747 2687 tene]
761 2624 811 2686 Ego
822 2639 851 2670 ex
862 2623 967 2687 vestigiis
977 2621 1101 2670 Barberini
1111 2622 1172 2671 Vos·

130 2704 252 2756 ventrisque
271 2705 330 2752 tuas,
348 2713 464 2760 remusque
479 2702 578 2747 coriam.
602 2708 627 2748 et
675 2696 735 2746 sieni
746 2705 770 2745 et
781 2697 902 2745 leidensis
912 2696 1019 2745 codicum
1029 2693 1122 2760 recepi:

130 2778 183 2816 octo
196 2769 236 2816 elii
253 2769 335 2818 eodem
349 2770 397 2819 lere
408 2772 485 2827 modo,
502 2771 546 2820 nisi
563 2773 626 2837 quod
709 2771 827 2834 Horaque,
849 2771 922 2818 boum
948 2771 1022 2833 regni,
1042 2778 1173 2832 sceptraque

130 2848 500 2908 remorctocntustransponent.
526 2846 626 2895 leiden-
740 2854 876 2892 semotam.

130 2913 173 2961 sis:
189 2915 212 2962 U
212 2925 263 2978 tque
265 2919 336 2977 juvet
346 2918 462 2981 velumque
472 2928 524 2966 toas
534 2930 625 2969 ventus·
676 2917 745 2966 Hanc
757 2919 847 2973 urbem,
859 2933 905 2965 non
919 2914 994 2972 illam,
1004 2930 1076 2980 quem
1086 2915 1112 2963 in
1122 2916 1171 2964 ltn-

130 2991 279 3048 quecorr'nus.
306 2989 431 3038 Scriverii:
453 2990 625 3042 Utmoocosre-
676 2990 709 3040 lie
719 2992 812 3056 queris,
823 3000 876 3039 tene
887 2990 965 3038 locum
976 2989 1041 3054 regni
1052 2987 1096 3047 tui,
1104 2997 1128 3037 et
1138 2989 1171 3038 ibi

130 3078 207 3124 meque
225 3073 277 3110 tuos
291 3073 398 3127 ventoque
414 3068 514 3114 carinas.
538 3066 564 3114 in
579 3068 626 3116 elio
675 3074 767 3130 sceptro
777 3063 924 3113 socmbobe.
955 3062 1043 3111 Burin.

130 3144 195 3183 erat:
217 3135 291 3199 thue
307 3139 364 3186 uolet
382 3153 497 3202 remusque
514 3143 560 3188 tuis
571 3157 624 3189 um·
711 3140 765 3186 155.
786 3137 856 3191 Quem
867 3135 978 3198 serperet]
999 3136 1064 3189 Quod
1073 3147 1172 3197 superest

131 3219 209 3274 tuaque
217 3213 310 3260 connis.
327 3221 353 3261 ut
364 3214 421 3260 volet
431 3215 518 3262 camnis
530 3214 561 3262 sit
576 3214 625 3263 dic·
676 3211 810 3261 Puteeneus
821 3210 895 3260 etalii
906 3226 935 3259 ex
943 3209 1086 3259 melioribus.
1103 3209 1172 3260 Forte

130 3290 188 3341 tum,
200 3293 226 3333 ut
242 3287 314 3334 alicui
327 3287 392 3342 velle.
403 3302 445 3351 pro
461 3286 548 3344 serere,
564 3288 625 3337 Stet.
677 3284 738 3340 Quor
747 3293 835 3347 superet
847 3285 925 3332 moa.
958 3283 1049 3332 Herus.

131 3356 163 3405 xi.
172 3358 249 3407 Theb.
262 3360 319 3408 510.
331 3369 355 3408 et
364 3359 446 3409 dubito
454 3360 568 3418 seldene
579 3378 626 3411 non
710 3360 765 3408 157.
784 3358 819 3407 Tu
835 3361 897 3407 morlo
912 3374 953 3420 per
969 3356 1081 3420 patron-J
1104 3355 1172 3405 Heu·

130 3430 160 3478 ed
178 3447 272 3480 sensum
290 3431 485 3481 accommodatior
504 3433 535 3481 sit
555 3433 626 3498 Regii
676 3433 917 3497 mannusinParerg.
929 3431 1033 3481 criticis.
1045 3445 1101 3496 peg.
1115 3432 1171 3479 118.

130 3503 218 3553 codicis
234 3504 358 3570 scriptum.
377 3515 403 3554 ut
420 3505 485 3562 velit,
496 3505 552 3555 licet
562 3523 626 3573 pros-
676 3506 747 3571 legit:

130 3579 230 3641 pentima
240 3579 313 3627 utaris
323 3581 480 3645 navigatione,
491 3581 530 3629 vix
546 3590 626 3631 tamen
710 3580 746 3629 Tu
765 3583 829 3628 modo
846 3578 890 3644 fer
907 3588 1003 3639 patrm·
1017 3576 1173 3642 stamme

130 3652 252 3714 pervenies
262 3651 288 3700 in
298 3664 391 3710 terram,
403 3669 474 3718 quam
491 3653 559 3719 petis,
570 3663 626 3704 ente
772 3655 930 3718 telrmgittar,

130 3735 284 3774 senectutem.
305 3726 393 3775 Juoare
403 3743 458 3776 vero
467 3727 558 3793 proprie
569 3744 626 3777 ven·
741 3726 900 3790 Fer-quefugc
910 3726 1006 3772 comites.

131 3805 168 3846 tus
177 3798 271 3855 dicitnr,
283 3808 309 3848 ut
322 3817 385 3866 sepe
400 3801 463 3865 apud
479 3802 592 3850 Nostrum
602 3811 626 3851 et
675 3802 707 3850 Et
715 3801 759 3866 ser
770 3816 812 3866 pro
825 3798 887 3864 refer
897 3789 970 3863 cepit.
988 3795 1030 3844 sed
1040 3810 1071 3842 ao
1081 3804 1172 3858 repete·

131 3871 197 3920 elios.
220 3872 278 3921 Vel.
288 3874 355 3922 Flac.
367 3874 393 3923 ii.
405 3876 461 3924 587.
675 3885 711 3924 ret
728 3873 802 3940 petris
815 3889 868 3922 ossa
883 3888 912 3920 ex
929 3869 1025 3918 Sicilial
1041 3884 1097 3933 ergo
1109 3868 1174 3932 prius

163 3945 329 4010 Stridentesque
332 3951 420 4010 juvant
431 3965 503 3997 oure.
675 3948 779 3998 Siciliam
797 3946 893 3995 tendere
912 3944 1031 3993 debebetl
1050 3950 1076 3989 et
1096 3941 1174 4004 qualis

132 4017 179 4066 Ubi
190 4020 259 4084 plura
270 4022 410 4070 notabimus.
428 4025 490 4070 venti
507 4031 586 4071 eutem
602 4031 626 4071 et
675 4021 726 4071 hec
737 4019 878 4071 consociatio
889 4017 976 4066 ossium
984 4024 1174 4080 paternomm,et
1203 4086 1206 4091 Ι

130 4095 186 4140 remi
198 4092 266 4140 toties
272 4093 412 4157 junguntur,
423 4105 450 4145 ut
460 4096 582 4161 proverbio
591 4096 626 4144 lo-
675 4095 774 4144 telorum
782 4091 921 4158 Cupidinisl
953 4089 1043 4137 Bonis.

130 4179 184 4214 cum
196 4163 314 4215 dederint.
331 4167 364 4215 sic
375 4168 493 4218 Florusii.
508 4171 546 4218 18.
573 4170 627 4218 Mor
