2896 4980
489 317 713 385 uuolton.
766 317 857 381 LIB.
882 317 910 381 Ι.
932 318 964 383 6.
1179 320 1246 387 dw

205 491 378 589 Cumque
387 491 647 590 itapuguaret,
655 496 850 587 tamquam
861 514 945 587 quae
955 491 1104 566 vincere
1114 493 1243 581 nollet,

251 606 363 681 Victa
378 618 438 682 est
454 631 530 680 uon
547 630 647 704 tegre
665 605 876 705 proditione
895 607 979 679 sua.
1199 614 1243 683 16

207 721 257 798 Ut
272 724 378 797 stetit
395 733 482 797 ante
500 725 641 810 oculos,
661 723 783 822 posito
801 722 997 810 velamine,
1016 736 1175 812 nostros,

249 837 294 912 In
312 849 392 913 toto
409 864 597 937 nusquam
615 863 770 937 corpore
787 841 923 913 menda
939 839 1022 913 suit.

205 952 304 1039 Quos
322 954 511 1043 humeros,
531 957 663 1053 quales
680 957 756 1029 vidi
774 957 958 1053 tetigique
975 955 1155 1029 lacertos!

250 1068 387 1145 Forma
405 1072 627 1170 papillarum
646 1096 761 1171 quam
778 1072 849 1146 suit
866 1081 956 1169 apta
972 1070 1112 1169 premi!
1195 1077 1245 1144 20

203 1183 324 1271 Quam
336 1188 521 1284 ‘castigato
540 1188 675 1286 planus
693 1188 764 1261 sub
781 1198 934 1286 pectore
950 1186 1100 1260 venter!

248 1300 442 1387 Quantum
460 1315 500 1377 et
517 1305 629 1401 quale
647 1304 770 1378 latus!
798 1327 914 1401 quam
925 1302 1093 1398 juvenile
1106 1301 1242 1376 femur!

204 1412 359 1515 Singula
374 1418 467 1517 quid
485 1419 667 1495 referam?
694 1420 745 1493 nil
763 1444 838 1494 uon
855 1418 1044 1492 laudabile
1060 1417 1158 1494 vidi:

250 1530 301 1606 Et
317 1534 458 1607 nudam
476 1537 594 1633 pressi
612 1560 749 1633 corpus
766 1537 815 1608 ad
832 1558 955 1632 usque
972 1558 1112 1607 meum.

204 1645 340 1723 Cetera
356 1649 442 1746 quis
461 1652 606 1725 nescit?
632 1652 724 1725 lassi
742 1651 994 1748 requievimus
1012 1651 1136 1726 ambo.
1156 1684 1159 1689 ·
1196 1655 1244 1725 25

249 1761 479 1839 Proveniant
495 1766 609 1840 medii
627 1768 683 1840 sic
702 1767 792 1840 mihi
810 1790 912 1865 saepe
930 1767 1024 1841 dies

558 2167 786 2242 ELEGIA
819 2168 888 2243 VI.

159 2348 173 2358 ‘
202 2332 345 2410 danitor
363 2334 593 2431 (indignum)
612 2336 707 2409 dura
726 2336 881 2433 religate
898 2341 1047 2424 catena,

251 2449 453 2524 Difficilem
469 2460 571 2524 moto
590 2450 742 2524 cardine
760 2454 885 2550 pande
903 2452 1032 2527 sorem.

204 2562 312 2652 Quod
331 2590 475 2666 precor,
495 2567 673 2663 exiguum
692 2579 763 2641 est.
792 2569 896 2641 aditu
915 2567 974 2641 sac
988 2571 1107 2665 janua
1123 2591 1237 2666 parvo

250 2681 461 2781 Obliquum
479 2683 605 2781 capiat
622 2683 899 2783 semiadaperta
916 2683 1027 2756 latus.

203 2797 352 2897 Longus
366 2800 483 2873 Amor
500 2801 594 2873 tales
613 2824 750 2898 corpus
767 2799 935 2873 tenuavit
951 2800 989 2871 iu
1007 2823 1120 2872 usus:
1225 2803 1248 2871 5

247 2916 427 3016 Aptaque
445 2918 634 2991 subducto
654 2916 819 3014 pondere
837 2916 1007 2989 membra
1022 2914 1140 2991 dedit.

202 3030 270 3108 Ille
285 3058 355 3133 per
371 3033 553 3107 excubias
572 3033 774 3106 custodum
793 3031 926 3105 leniter
945 3031 998 3104 ire

249 3148 458 3225 Monstrat:
487 3147 690 3224 inoffensos
708 3144 837 3245 dirigit
854 3146 917 3223 ille
935 3147 1066 3246 pedes,

229 3392 271 3440 21.
299 3392 376 3448 Quum
396 3393 528 3457 castigata]
556 3392 697 3451 Emendato,
780 3390 920 3442 utut-1.
938 3388 1068 3457 Migrare]
1087 3389 1140 3437 Hoc
1152 3387 1249 3435 verbum

198 3476 308 3524 museto,
325 3466 446 3522 nimirum,
460 3483 502 3531 per
518 3468 615 3517 fasciam
624 3486 632 3527 3
650 3484 698 3534 qua
747 3484 789 3535 pro
805 3465 908 3532 simplici
925 3469 999 3532 ligare
1016 3465 1055 3514 vel
1073 3463 1177 3525 alligari,
1193 3459 1249 3524 poni

198 3546 355 3591 tumescentes
365 3551 390 3589 et
400 3542 557 3590 exuberantes
568 3541 637 3591 nimis
653 3557 697 3607 pa·
747 3542 822 3591 solere
833 3540 916 3590 docuit
924 3541 1034 3589 Torreat.
1042 3536 1073 3586 ad
1083 3535 1168 3584 Horat.
1177 3531 1192 3578 i.
1202 3529 1249 3582 0d.

197 3612 266 3679 pillu
275 3613 386 3664 solebant
395 3615 513 3673 coercere,
524 3623 551 3663 ut
567 3614 592 3664 in
604 3614 648 3663 lib.
661 3614 697 3663 iii.
748 3618 790 3666 32.

197 3685 251 3737 An.
261 3688 347 3738 Amat.
358 3688 416 3736 274.
429 3688 522 3738 instruit
533 3690 633 3756 puellas.
666 3690 699 3738 Et
780 3692 805 3739 2.
822 3684 972 3752 Drfficilem.]
992 3679 1247 3743 Contrasw'lt'tffl

197 3758 306 3812 Achilles
314 3763 398 3811 Tatius
408 3762 452 3811 lib.
464 3762 482 3811 i.
494 3780 550 3830 pag.
562 3767 586 3813 8.
603 3763 698 3812 DeEu·
748 3764 837 3813 Juveu.
853 3762 903 3809 Sat.
919 3761 953 3808 iv.
966 3760 1007 3805 43.
1025 3763 1049 3803 et
1067 3750 1179 3803 Horati.
1195 3750 1243 3805 01.

197 3852 261 3903 repa,
277 3837 364 3896 Βαθὺς
381 3837 499 3902 ὀμφαλὸς,
516 3840 612 3903 γαστὴρ
629 3854 699 3886 rera-
749 3839 792 3887 2⁵.

195 3907 267 3973 prim,
295 3909 402 3977 λαπάρα
423 3910 507 3972 στενή.
535 3912 576 3961 ubi
596 3909 700 3977 plurima
783 3910 839 3965 Quo
864 3909 930 3968 prius
949 3904 1049 3951 muttum
1068 3899 1153 3969 [nib
1171 3914 1237 3953 fl·

197 3980 252 4033 huic
268 3982 517 4033 CodnnaeOridiauae
535 4002 582 4034 uon
597 3982 699 4033 dissimi-
847 3982 885 4026 tat
1121 4022 1124 4027 .
1158 4012 1161 4017 ·
1193 4030 1196 4035 .

196 4054 239 4108 lia.
249 4059 302 4109 vid.
312 4060 373 4109 Jun.
390 4058 420 4108 de
430 4057 534 4110 Pictura.
544 4059 587 4108 lib.
598 4058 698 4120 iii.cap.
783 4053 904 4100 Cardine·
1113 4044 1199 4097 h·

197 4130 357 4185 insectw.
391 4134 481 4182 Bucar.
