2896 4980
152 372 198 443 16
396 326 402 344 “
446 371 485 436 P.
508 368 670 437 ovrnu
693 370 906 438 nnsoms

153 547 176 622 J
179 571 429 645 umdemque,
447 546 537 620 toris
555 569 640 645 quae
658 545 835 644 praesidet
852 547 951 623 alma
966 549 1122 637 maritis,

204 663 255 740 Et
271 688 339 764 per
354 662 529 737 taediferoe
547 663 710 761 mystica
725 687 834 738 sacra
850 663 956 739 Deae.

154 781 198 855 Si
213 782 262 856 de
278 791 335 856 tot
349 780 447 853 laesis
465 803 534 853 sua
550 780 705 854 numina
720 780 882 879 quisque
901 781 1068 858 Deorum

201 898 395 972 Vindicet:
416 898 454 970 in
471 918 602 995 poenas
620 920 694 970 non
711 898 802 972 satis
819 923 916 1001 unus
933 899 1018 973 eris.

4 1078 10 1101 ‚
109 1076 132 1103 ,,
151 1012 204 1088 At
219 1015 360 1089 laceras
378 1014 491 1088 etiam
509 1037 656 1112 puppes
674 1012 813 1088 furiosa
828 1010 963 1090 refeci:
1146 1019 1201 1091 45

202 1131 267 1221 Ut,
286 1156 362 1231 qua
377 1132 581 1216 desererer,
599 1130 707 1206 firma
722 1130 849 1204 carina
864 1130 972 1206 foret.

152 1244 442 1345 Remigiumque
459 1245 559 1332 dedi,
578 1269 653 1343 quo
671 1270 732 1321 me
749 1245 934 1343 fugiturus
952 1247 1090 1322 abires.

200 1363 287 1439 Heu
305 1364 426 1464 patior
442 1362 528 1438 telis
544 1362 698 1437 vulnera
713 1361 813 1437 facta
828 1363 940 1437 meis!

150 1478 390 1555 Credidimus
408 1478 568 1564 blandis
583 1501 740 1575 quorum
758 1477 827 1551 tibi
844 1479 966 1577 copia,
984 1477 1129 1553 verbis:

55 1600 65 1625 ‘
97 1646 105 1671 s
202 1595 441 1670 Credidimus
459 1594 598 1697 generi,
618 1595 906 1693 nominibusque
922 1595 1019 1671 tuis:
1146 1598 1202 1669 50

152 1709 390 1785 Credidimus
403 1711 576 1784 lacrimis.
606 1735 654 1785 an
667 1722 707 1786 et
718 1712 776 1785 hae
794 1712 969 1787 simulare
986 1713 1202 1787 docentur‘l

200 1825 271 1901 Hae
282 1851 431 1926 quoque
444 1829 585 1903 habent
595 1839 706 1916 artes,
718 1853 868 1927 quaque
876 1830 1068 1927 jubentur,
1080 1830 1201 1904 eunt?

151 1942 221 2016 Dls
233 1967 383 2041 quoque
396 1943 634 2018 credidimus.
650 1968 724 2042 quo
737 1946 884 2041 jamtot
896 1943 1201 2042 pignoranobis?

201 2057 315 2132 Parte
333 2059 422 2132 satis
441 2059 545 2158 potui
563 2059 731 2157 qualibet
747 2059 834 2134 inde
852 2061 949 2160 capi.

150 2170 232 2247 Nec
250 2198 410 2261 moveor,
429 2173 531 2272 quod
547 2184 585 2248 te
598 2174 677 2272 juvi
695 2160 880 2274 portuque
897 2177 1067 2274 locoque.
1146 2179 1199 2250 55

200 2288 342 2364 Debuit
358 2290 430 2363 hoc
448 2288 570 2363 meriti
587 2313 733 2363 summa
749 2289 865 2369 luisse
881 2293 968 2366 mei.

148 2403 323 2505 Turpiter
340 2407 542 2505 hospitium
559 2406 658 2481 lecto
675 2408 885 2482 cumulasse
898 2408 1017 2507 jugali

198 2524 375 2611 Poenitet,
394 2537 433 2599 et
444 2524 550 2599 lateri
568 2524 800 2599 conseruisse
818 2525 928 2599 latus.

148 2638 243 2727 Quae
261 2641 330 2717 fuit
347 2654 434 2717 ante
452 2641 565 2730 illam,
584 2641 735 2715 mallem
752 2665 928 2740 suprema
943 2640 1077 2715 fuisset

199 2757 288 2833 Nox
301 2760 415 2850 mihi3
436 2761 526 2835 dum
540 2758 645 2859 potui
659 2757 805 2856 Phyllis
823 2758 981 2832 honesta
993 2755 1099 2831 mori.
1144 2759 1195 2831 60

150 2874 305 2973 Speravi
322 2876 468 2965 melius,
488 2877 578 2975 quia
593 2901 655 2951 me
673 2876 852 2949 memisse
870 2875 1009 2973 putavi.

127 2986 132 2998 '
199 2989 455 3090 Quaecumque
473 3016 523 3066 ex
541 2993 673 3067 merito
691 3014 778 3089 spes
795 2991 908 3077 venit,
928 3014 1037 3088 aequa
1052 2989 1166 3063 venit.

147 3135 186 3183 Ita
195 3135 288 3184 videtur
297 3136 475 3195 restituendum,
486 3154 541 3187 cum
554 3138 644 3205 vulgati
693 3136 733 3188 Sic
740 3147 802 3188 recte
813 3136 894 3187 Codex
901 3137 1003 3203 optimus
1010 3135 1107 3185 Bodlei:
1119 3135 1193 3201 vulgo

147 3207 282 3265 exhibeant,
693 3213 743 3262 sine
764 3228 834 3262 sensu
853 3215 1008 3274 quodcunque.
1037 3209 1194 3259 Doctissimus

180 3281 230 3343 lpse
240 3284 312 3330 ῑυσιιηι
323 3283 523 3349 osricusassncit.
692 3285 1192 3347 JuvenisSlichtenhorstiuscumquejuhcs·

147 3355 254 3420 Propert.
263 3355 307 3403 lib.
316 3355 351 3403 iii.
360 3357 450 3422 eleg.i.
693 3371 742 3408 tur.
752 3359 782 3407 de
790 3359 862 3424 jusus
871 3357 974 3406 lacrimis
984 3358 1037 3407 vide
1047 3356 1141 3407 omnino
1157 3356 1192 3404 lo-

182 3427 315 3492 Noosaciet
324 3431 556 3491 mydridurucorona
566 3448 621 3480 meo.
693 3449 748 3482 cum
768 3431 891 3482 Juvenalis
912 3432 963 3479 Sat.
982 3431 1015 3480 vi.
1034 3432 1093 3480 274.
1112 3430 1192 3479 Hm.

146 3502 218 3551 Trist.
226 3502 262 3550 iii.
272 3502 321 3550 xiv.
330 3504 356 3551 2.
693 3505 749 3554 vide
760 3505 790 3553 ud
801 3504 904 3561 Quintil.
912 3504 938 3553 ii.
948 3507 990 3553 20.

170 3576 218 3632 Qui
220 3576 286 3642 facts
293 3579 387 3641 iugenio
395 3594 487 3638 sempter,
496 3579 580 3633 Amice,
587 3593 644 3624 meo.
726 3580 768 3628 61.
779 3579 841 3632 Quia
851 3578 895 3640 ta]
905 3577 969 3625 libri
975 3586 1074 3642 quatuor
1079 3579 1134 3640 quio
1141 3592 1191 3634 πως
1222 3586 1228 3595 “

151 3688 154 3693 .
178 3652 220 3700 42.
240 3650 354 3716 Taedsfsroe
373 3651 450 3714 Des]
467 3651 558 3699 Cereris
574 3651 645 3699 Eleu·
695 3662 767 3717 atquc
783 3652 817 3700 itu
832 3651 958 3716 legendum
975 3667 1034 3707 esse,
1051 3651 1129 3714 deque
1144 3649 1193 3699 suis

144 3724 226 3786 sinim
248 3725 312 3790 quod
332 3725 538 3791 presentissimum
559 3740 646 3774 numen
695 3726 784 3776 meritis
801 3725 840 3774 hic
856 3725 920 3790 loqui
938 3725 1072 3789 Phyllidem
1090 3740 1192 3788 sequens

146 3799 341 3849 Atheniensibus.
363 3799 397 3848 sic
418 3808 443 3848 et
464 3798 553 3862 Εχὰτα
573 3797 644 3848 dadd-
695 3817 775 3849 versus
782 3799 871 3863 liquido
880 3798 965 3863 arguit.
973 3799 1052 3855 Heus.
1060 3808 1084 3845 et
1091 3798 1134 3846 hoc
1140 3798 1190 3862 jam

144 3883 220 3940 popae
230 3873 371 3940 Bacchylidi
387 3874 412 3922 in
422 3873 560 3938 fragmentis
570 3871 643 3922 dictu.
695 3872 786 3921 monuit
797 3888 825 3920 ex
840 3871 922 3920 codice
933 3887 976 3919 suo
990 3871 1145 3919 Hubertinus.
1157 3872 1191 3920 ita

144 3966 169 4015 p.
179 3951 237 3998 264.
246 3947 312 3998 Edit.
321 3949 404 4015 steph.
415 3949 494 3997 llius.
693 3944 922 3995 Trist.v.ii.59.es
935 3945 997 3993 Mas.

177 4027 219 4074 62.
238 4025 333 4088 Qooqm
335 4023 475 4088 jussurus]
486 4021 554 4072 Nihil
562 4030 642 4070 muto:
727 4021 852 4083 Onnum
869 4022 914 4069 hec
930 4022 1005 4077 timui,
1023 4022 1077 4084 quia
1095 4034 1131 4066 sne
1145 4035 1190 4066 ne·

124 4095 424 4165 ’Prudenehpomuus
757 4096 944 4143 roisssvidsham.

178 4171 254 4219 Surda
266 4175 340 4234 prius,
351 4175 405 4234 jors
422 4174 488 4221 docta
504 4173 575 4234 sequi,
586 4188 641 4235 qus·
693 4166 805 4217 raucius
815 4167 846 4217 ad
855 4183 920 4218 orum
929 4165 1016 4217 codicis
1026 4166 1191 4232 adscripscrat,

209 4260 303 4309 campus
305 4247 431 4308 jubentur.
693 4240 858 4293 Cmubouum
869 4241 1190 4306 romanumfl·

1046 4506 1111 4609 ῥ’
