<?xml version="1.0" encoding="UTF-8"?>
<!DOCTYPE html PUBLIC "-//W3C//DTD XHTML 1.0 Transitional//EN"
    "http://www.w3.org/TR/xhtml1/DTD/xhtml1-transitional.dtd">
<html xmlns="http://www.w3.org/1999/xhtml" xml:lang="en" lang="en">
 <head>
  <title>
</title>
<meta http-equiv="Content-Type" content="text/html;charset=utf-8" />
  <meta name='ocr-system' content='tesseract 3.04.00' />
  <meta name='ocr-capabilities' content='ocr_page ocr_carea ocr_par ocr_line ocrx_word'/>
</head>
<body>
  <div class='ocr_page' id='page_1' title='image "./povidiinasoniso01burmgoog_0032.png"; bbox 0 0 2896 4980; ppageno 0'>
   <div class='ocr_carea' id='block_1_1' title="bbox 464 375 1197 449">
    <p class='ocr_par' dir='ltr' id='par_1_1' title="bbox 464 375 1197 449">
     <span class='ocr_line' id='line_1_1' title="bbox 464 375 1197 449; baseline 0.007 -5"><span class='ocrx_word' id='word_1_1' title='bbox 464 376 727 446; x_wconf 82' lang='lat' dir='ltr'>HEROIDES.</span> <span class='ocrx_word' id='word_1_2' title='bbox 748 377 821 445; x_wconf 84' lang='lat' dir='ltr'>BP.</span> <span class='ocrx_word' id='word_1_3' title='bbox 842 375 874 444; x_wconf 91' lang='lat'>1.</span> <span class='ocrx_word' id='word_1_4' title='bbox 1172 381 1197 449; x_wconf 82' lang='grc'><strong>3</strong></span> 
     </span>
    </p>
   </div>
   <div class='ocr_carea' id='block_1_2' title="bbox 150 551 1199 1932">
    <p class='ocr_par' dir='ltr' id='par_1_2' title="bbox 151 551 1149 758">
     <span class='ocr_line' id='line_1_2' title="bbox 151 551 1149 652; baseline -0.001 -22"><span class='ocrx_word' id='word_1_5' title='bbox 151 554 320 631; x_wconf 82' lang='lat' dir='ltr'>Forsitan</span> <span class='ocrx_word' id='word_1_6' title='bbox 336 564 377 632; x_wconf 87' lang='lat' dir='ltr'>et</span> <span class='ocrx_word' id='word_1_7' title='bbox 391 576 532 642; x_wconf 86' lang='lat' dir='ltr'>narres,</span> <span class='ocrx_word' id='word_1_8' title='bbox 546 576 661 651; x_wconf 89' lang='lat' dir='ltr'>quam</span> <span class='ocrx_word' id='word_1_9' title='bbox 679 552 729 627; x_wconf 84' lang='lat' dir='ltr'>sit</span> <span class='ocrx_word' id='word_1_10' title='bbox 744 551 817 628; x_wconf 86' lang='lat' dir='ltr'>tibi·</span> <span class='ocrx_word' id='word_1_11' title='bbox 829 551 971 627; x_wconf 83' lang='lat' dir='ltr'>rustica</span> <span class='ocrx_word' id='word_1_12' title='bbox 987 554 1149 652; x_wconf 86' lang='lat' dir='ltr'>conjux;</span> 
     </span>
     <span class='ocr_line' id='line_1_3' title="bbox 199 668 1029 758; baseline -0.001 -13"><span class='ocrx_word' id='word_1_13' title='bbox 199 669 294 758; x_wconf 87' lang='lat' dir='ltr'>Quae</span> <span class='ocrx_word' id='word_1_14' title='bbox 311 682 457 748; x_wconf 84' lang='lat' dir='ltr'>tantum</span> <span class='ocrx_word' id='word_1_15' title='bbox 473 671 578 745; x_wconf 87' lang='lat' dir='ltr'>lanas</span> <span class='ocrx_word' id='word_1_16' title='bbox 595 693 670 744; x_wconf 94' lang='lat' dir='ltr'>non</span> <span class='ocrx_word' id='word_1_17' title='bbox 687 668 786 744; x_wconf 83' lang='lat' dir='ltr'>sinat</span> <span class='ocrx_word' id='word_1_18' title='bbox 802 691 887 743; x_wconf 90' lang='lat' dir='ltr'>esse</span> <span class='ocrx_word' id='word_1_19' title='bbox 903 668 1029 744; x_wconf 86' lang='lat' dir='ltr'>rudes.</span> 
     </span>
    </p>

    <p class='ocr_par' dir='ltr' id='par_1_3' title="bbox 152 785 1199 992">
     <span class='ocr_line' id='line_1_4' title="bbox 152 785 1149 878; baseline 0.001 -16"><span class='ocrx_word' id='word_1_20' title='bbox 152 787 294 878; x_wconf 82' lang='lat' dir='ltr'>Fallar3</span> <span class='ocrx_word' id='word_1_21' title='bbox 315 799 354 864; x_wconf 90' lang='lat' dir='ltr'>et</span> <span class='ocrx_word' id='word_1_22' title='bbox 370 790 442 863; x_wconf 91' lang='lat' dir='ltr'>hoc</span> <span class='ocrx_word' id='word_1_23' title='bbox 460 789 602 862; x_wconf 86' lang='lat' dir='ltr'>crimen</span> <span class='ocrx_word' id='word_1_24' title='bbox 618 797 752 873; x_wconf 82' lang='lat' dir='ltr'>tenues</span> <span class='ocrx_word' id='word_1_25' title='bbox 769 794 947 859; x_wconf 78' lang='lat' dir='ltr'><strong>vanescat</strong></span> <span class='ocrx_word' id='word_1_26' title='bbox 962 785 1001 858; x_wconf 94' lang='lat' dir='ltr'>in</span> <span class='ocrx_word' id='word_1_27' title='bbox 1019 808 1149 863; x_wconf 87' lang='lat' dir='ltr'>auras:</span> 
     </span>
     <span class='ocr_line' id='line_1_5' title="bbox 200 900 1199 992; baseline 0 -14"><span class='ocrx_word' id='word_1_28' title='bbox 200 903 319 992; x_wconf 88' lang='lat' dir='ltr'>Neve,</span> <span class='ocrx_word' id='word_1_29' title='bbox 338 903 547 979; x_wconf 89' lang='lat' dir='ltr'>revertendi</span> <span class='ocrx_word' id='word_1_30' title='bbox 564 903 671 989; x_wconf 89' lang='lat' dir='ltr'>liber,</span> <span class='ocrx_word' id='word_1_31' title='bbox 690 902 824 975; x_wconf 84' lang='lat' dir='ltr'>abesse</span> <span class='ocrx_word' id='word_1_32' title='bbox 840 900 946 975; x_wconf 90' lang='lat' dir='ltr'>velis.</span> <span class='ocrx_word' id='word_1_33' title='bbox 1148 908 1199 978; x_wconf 87' lang='lat'>80</span> 
     </span>
    </p>

    <p class='ocr_par' dir='ltr' id='par_1_4' title="bbox 150 1018 1078 1234">
     <span class='ocr_line' id='line_1_6' title="bbox 150 1018 960 1120; baseline -0.005 -26"><span class='ocrx_word' id='word_1_34' title='bbox 150 1019 217 1095; x_wconf 90' lang='lat' dir='ltr'>Me</span> <span class='ocrx_word' id='word_1_35' title='bbox 235 1032 344 1120; x_wconf 88' lang='lat' dir='ltr'>pater</span> <span class='ocrx_word' id='word_1_36' title='bbox 361 1021 504 1096; x_wconf 85' lang='lat' dir='ltr'>Icarius</span> <span class='ocrx_word' id='word_1_37' title='bbox 520 1019 632 1093; x_wconf 84' lang='lat' dir='ltr'>viduo</span> <span class='ocrx_word' id='word_1_38' title='bbox 650 1018 844 1093; x_wconf 77' lang='lat' dir='ltr'>discedere</span> <span class='ocrx_word' id='word_1_39' title='bbox 861 1018 960 1091; x_wconf 89' lang='lat' dir='ltr'>lecto</span> 
     </span>
     <span class='ocr_line' id='line_1_7' title="bbox 200 1136 1078 1234; baseline -0.002 -24"><span class='ocrx_word' id='word_1_40' title='bbox 200 1136 326 1234; x_wconf 84' lang='lat' dir='ltr'>Cogit,</span> <span class='ocrx_word' id='word_1_41' title='bbox 345 1148 384 1212; x_wconf 86' lang='lat' dir='ltr'>et</span> <span class='ocrx_word' id='word_1_42' title='bbox 400 1138 601 1213; x_wconf 87' lang='lat' dir='ltr'>immensas</span> <span class='ocrx_word' id='word_1_43' title='bbox 619 1136 927 1234; x_wconf 90' lang='lat' dir='ltr'>increpatusque</span> <span class='ocrx_word' id='word_1_44' title='bbox 942 1156 1078 1208; x_wconf 84' lang='lat' dir='ltr'>moras.</span> 
     </span>
    </p>

    <p class='ocr_par' dir='ltr' id='par_1_5' title="bbox 150 1248 1183 1467">
     <span class='ocr_line' id='line_1_8' title="bbox 150 1248 1183 1352; baseline 0.002 -28"><span class='ocrx_word' id='word_1_45' title='bbox 150 1251 327 1352; x_wconf 87' lang='lat' dir='ltr'>Increpet</span> <span class='ocrx_word' id='word_1_46' title='bbox 343 1276 465 1352; x_wconf 89' lang='lat' dir='ltr'>usque</span> <span class='ocrx_word' id='word_1_47' title='bbox 481 1252 592 1326; x_wconf 88' lang='lat' dir='ltr'>licet:</span> <span class='ocrx_word' id='word_1_48' title='bbox 611 1262 678 1325; x_wconf 91' lang='lat' dir='ltr'>tua</span> <span class='ocrx_word' id='word_1_49' title='bbox 689 1273 789 1338; x_wconf 87' lang='lat' dir='ltr'>sum,</span> <span class='ocrx_word' id='word_1_50' title='bbox 808 1261 874 1324; x_wconf 92' lang='lat' dir='ltr'>tua</span> <span class='ocrx_word' id='word_1_51' title='bbox 889 1248 994 1325; x_wconf 88' lang='lat' dir='ltr'>dicar</span> <span class='ocrx_word' id='word_1_52' title='bbox 1010 1259 1158 1350; x_wconf 82' lang='lat' dir='ltr'>oportet</span> <span class='ocrx_word' id='word_1_53' title='bbox 1180 1250 1183 1255; x_wconf 75' lang='grc'><strong>’</strong></span> 
     </span>
     <span class='ocr_line' id='line_1_9' title="bbox 199 1352 969 1467; baseline -0.003 -25"><span class='ocrx_word' id='word_1_54' title='bbox 199 1368 413 1467; x_wconf 88' lang='lat' dir='ltr'>Penelope:</span> <span class='ocrx_word' id='word_1_55' title='bbox 432 1369 571 1466; x_wconf 85' lang='lat' dir='ltr'>conjux</span> <span class='ocrx_word' id='word_1_56' title='bbox 588 1390 737 1465; x_wconf 88' lang='lat' dir='ltr'>semper</span> <span class='ocrx_word' id='word_1_57' title='bbox 751 1352 875 1439; x_wconf 86' lang='lat' dir='ltr'>Ulixis</span> <span class='ocrx_word' id='word_1_58' title='bbox 893 1388 969 1440; x_wconf 89' lang='lat' dir='ltr'>ero.</span> 
     </span>
    </p>

    <p class='ocr_par' dir='ltr' id='par_1_6' title="bbox 150 1481 1197 1700">
     <span class='ocr_line' id='line_1_10' title="bbox 150 1481 1197 1583; baseline 0.006 -29"><span class='ocrx_word' id='word_1_59' title='bbox 150 1481 219 1558; x_wconf 93' lang='lat' dir='ltr'>Ille</span> <span class='ocrx_word' id='word_1_60' title='bbox 236 1494 363 1558; x_wconf 87' lang='lat' dir='ltr'>tamen</span> <span class='ocrx_word' id='word_1_61' title='bbox 378 1484 519 1583; x_wconf 90' lang='lat' dir='ltr'>pietate</span> <span class='ocrx_word' id='word_1_62' title='bbox 531 1492 617 1558; x_wconf 90' lang='lat' dir='ltr'>me&#39;a</span> <span class='ocrx_word' id='word_1_63' title='bbox 631 1483 885 1583; x_wconf 90' lang='lat' dir='ltr'>precibusque</span> <span class='ocrx_word' id='word_1_64' title='bbox 900 1483 1049 1582; x_wconf 90' lang='lat' dir='ltr'>pudicis</span> <span class='ocrx_word' id='word_1_65' title='bbox 1149 1488 1197 1560; x_wconf 88' lang='lat'>85</span> 
     </span>
     <span class='ocr_line' id='line_1_11' title="bbox 200 1600 1081 1700; baseline 0 -27"><span class='ocrx_word' id='word_1_66' title='bbox 200 1600 409 1698; x_wconf 82' lang='lat' dir='ltr'>Frangitur,</span> <span class='ocrx_word' id='word_1_67' title='bbox 428 1611 467 1675; x_wconf 89' lang='lat' dir='ltr'>et</span> <span class='ocrx_word' id='word_1_68' title='bbox 481 1600 776 1700; x_wconf 82' lang='lat' dir='ltr'>virestemperat</span> <span class='ocrx_word' id='word_1_69' title='bbox 791 1600 872 1698; x_wconf 92' lang='lat' dir='ltr'>ipse</span> <span class='ocrx_word' id='word_1_70' title='bbox 889 1623 990 1674; x_wconf 89' lang='lat' dir='ltr'>suas.</span> <span class='ocrx_word' id='word_1_71' title='bbox 1078 1605 1081 1610; x_wconf 83' lang='grc'><strong>’</strong></span> 
     </span>
    </p>

    <p class='ocr_par' dir='ltr' id='par_1_7' title="bbox 150 1713 1157 1932">
     <span class='ocr_line' id='line_1_12' title="bbox 150 1713 1157 1816; baseline 0.003 -28"><span class='ocrx_word' id='word_1_72' title='bbox 150 1713 314 1789; x_wconf 89' lang='lat' dir='ltr'>Dulichii</span> <span class='ocrx_word' id='word_1_73' title='bbox 335 1715 539 1815; x_wconf 81' lang='lat' dir='ltr'>Samiique,</span> <span class='ocrx_word' id='word_1_74' title='bbox 559 1728 609 1803; x_wconf 91' lang='lat' dir='ltr'>et,</span> <span class='ocrx_word' id='word_1_75' title='bbox 629 1741 724 1816; x_wconf 90' lang='lat' dir='ltr'>quos</span> <span class='ocrx_word' id='word_1_76' title='bbox 741 1716 827 1791; x_wconf 92' lang='lat' dir='ltr'>tulit</span> <span class='ocrx_word' id='word_1_77' title='bbox 843 1716 919 1790; x_wconf 85' lang='lat' dir='ltr'>alta</span> <span class='ocrx_word' id='word_1_78' title='bbox 931 1716 1157 1815; x_wconf 82' lang='lat' dir='ltr'>Zacynthos,</span> 
     </span>
     <span class='ocr_line' id='line_1_13' title="bbox 200 1829 944 1932; baseline 0.001 -28"><span class='ocrx_word' id='word_1_79' title='bbox 200 1829 328 1906; x_wconf 88' lang='lat' dir='ltr'>Turba</span> <span class='ocrx_word' id='word_1_80' title='bbox 343 1842 455 1906; x_wconf 87' lang='lat' dir='ltr'>ruunt</span> <span class='ocrx_word' id='word_1_81' title='bbox 471 1833 509 1906; x_wconf 91' lang='lat' dir='ltr'>in</span> <span class='ocrx_word' id='word_1_82' title='bbox 526 1856 588 1907; x_wconf 89' lang='lat' dir='ltr'>me</span> <span class='ocrx_word' id='word_1_83' title='bbox 604 1832 805 1920; x_wconf 86' lang='lat' dir='ltr'>luxuriosa,</span> <span class='ocrx_word' id='word_1_84' title='bbox 823 1832 944 1932; x_wconf 91' lang='lat' dir='ltr'>proci:</span> 
     </span>
    </p>
   </div>
   <div class='ocr_carea' id='block_1_3' title="bbox 126 2055 1214 3675">
    <p class='ocr_par' dir='ltr' id='par_1_8' title="bbox 126 2055 1214 3675">
     <span class='ocr_line' id='line_1_14' title="bbox 149 2055 1196 2126; baseline 0.005 -22"><span class='ocrx_word' id='word_1_85' title='bbox 149 2055 219 2120; x_wconf 79' lang='lat' dir='ltr'>Eleg.</span> <span class='ocrx_word' id='word_1_86' title='bbox 230 2057 269 2107; x_wconf 86' lang='grc'><strong>19.</strong></span> <span class='ocrx_word' id='word_1_87' title='bbox 277 2055 303 2107; x_wconf 93' lang='lat' dir='ltr'>in</span> <span class='ocrx_word' id='word_1_88' title='bbox 312 2056 437 2125; x_wconf 88' lang='lat' dir='ltr'>principio.</span> <span class='ocrx_word' id='word_1_89' title='bbox 447 2058 591 2108; x_wconf 84' lang='lat' dir='ltr'>Helensrnl.</span> <span class='ocrx_word' id='word_1_90' title='bbox 600 2060 646 2126; x_wconf 82' lang='lat' dir='ltr'>Ep.</span> <span class='ocrx_word' id='word_1_91' title='bbox 695 2056 900 2124; x_wconf 87' lang='lat' dir='ltr'>ideoquoquedioi</span> <span class='ocrx_word' id='word_1_92' title='bbox 905 2057 1123 2123; x_wconf 68' lang='lat' dir='ltr'>Ulisisrultneque</span> <span class='ocrx_word' id='word_1_93' title='bbox 1129 2058 1196 2109; x_wconf 90' lang='lat' dir='ltr'>elteri</span> 
     </span>
     <span class='ocr_line' id='line_1_15' title="bbox 149 2129 1194 2201; baseline 0.005 -23"><span class='ocrx_word' id='word_1_94' title='bbox 149 2129 256 2181; x_wconf 78' lang='lat' dir='ltr'>xrii.29.</span> <span class='ocrx_word' id='word_1_95' title='bbox 273 2130 354 2183; x_wconf 84' lang='lat' dir='ltr'>Paridi</span> <span class='ocrx_word' id='word_1_96' title='bbox 362 2132 452 2199; x_wconf 84' lang='lat' dir='ltr'>aliquid</span> <span class='ocrx_word' id='word_1_97' title='bbox 459 2133 638 2201; x_wconf 75' lang='lat' dir='ltr'>precipuedat:</span> <span class='ocrx_word' id='word_1_98' title='bbox 696 2131 1194 2199; x_wconf 76' lang='lat' dir='ltr'>inconjugiumeoncedere.1tal·2pist.viii.</span> 
     </span>
     <span class='ocr_line' id='line_1_16' title="bbox 185 2205 1196 2274; baseline 0.004 -20"><span class='ocrx_word' id='word_1_99' title='bbox 185 2205 240 2260; x_wconf 72' lang='lat' dir='ltr'>Qus</span> <span class='ocrx_word' id='word_1_100' title='bbox 256 2218 298 2254; x_wconf 82' lang='lat' dir='ltr'>rus</span> <span class='ocrx_word' id='word_1_101' title='bbox 314 2209 417 2270; x_wconf 70' lang='lat' dir='ltr'>nequitie</span> <span class='ocrx_word' id='word_1_102' title='bbox 433 2210 646 2266; x_wconf 55' lang='lat' dir='ltr'>ornantium·</span> <span class='ocrx_word' id='word_1_103' title='bbox 729 2207 1196 2274; x_wconf 72' lang='lat' dir='ltr'>Sedtssesum,teeumpuefuipueritilus</span> 
     </span>
     <span class='ocr_line' id='line_1_17' title="bbox 215 2281 837 2347; baseline 0.005 -19"><span class='ocrx_word' id='word_1_104' title='bbox 215 2281 377 2347; x_wconf 68' lang='lat' dir='ltr'>tostcfus&#39;ssst.</span> <span class='ocrx_word' id='word_1_105' title='bbox 762 2284 837 2339; x_wconf 69' lang='lat' dir='ltr'>mnis,</span> 
     </span>
     <span class='ocr_line' id='line_1_18' title="bbox 150 2350 1197 2422; baseline 0.004 -21"><span class='ocrx_word' id='word_1_106' title='bbox 150 2353 289 2419; x_wconf 75' lang='lat' dir='ltr'>Hegsntem</span> <span class='ocrx_word' id='word_1_107' title='bbox 302 2350 357 2404; x_wconf 70' lang='lat' dir='ltr'>uero</span> <span class='ocrx_word' id='word_1_108' title='bbox 372 2371 441 2406; x_wconf 87' lang='lat' dir='ltr'>usum</span> <span class='ocrx_word' id='word_1_109' title='bbox 453 2355 594 2422; x_wconf 82' lang='lat' dir='ltr'>pronominis</span> <span class='ocrx_word' id='word_1_110' title='bbox 609 2359 649 2420; x_wconf 72' lang='grc' dir='ltr'>φα·</span> <span class='ocrx_word' id='word_1_111' title='bbox 731 2355 763 2403; x_wconf 79' lang='lat' dir='ltr'>Et</span> <span class='ocrx_word' id='word_1_112' title='bbox 780 2365 821 2405; x_wconf 81' lang='lat' dir='ltr'>tus</span> <span class='ocrx_word' id='word_1_113' title='bbox 839 2358 899 2420; x_wconf 80' lang='lat' dir='ltr'>qssod</span> <span class='ocrx_word' id='word_1_114' title='bbox 915 2364 1014 2419; x_wconf 75' lang='lat' dir='ltr'>superest</span> <span class='ocrx_word' id='word_1_115' title='bbox 1032 2357 1135 2418; x_wconf 75' lang='lat' dir='ltr'>temporis</span> <span class='ocrx_word' id='word_1_116' title='bbox 1152 2373 1197 2405; x_wconf 84' lang='lat' dir='ltr'>esse</span> 
     </span>
     <span class='ocr_line' id='line_1_19' title="bbox 149 2427 1129 2496; baseline 0.001 -20"><span class='ocrx_word' id='word_1_117' title='bbox 149 2427 174 2476; x_wconf 90' lang='lat' dir='ltr'>in</span> <span class='ocrx_word' id='word_1_118' title='bbox 185 2428 229 2477; x_wconf 87' lang='lat' dir='ltr'>hac</span> <span class='ocrx_word' id='word_1_119' title='bbox 239 2429 357 2479; x_wconf 90' lang='lat' dir='ltr'>locutione</span> <span class='ocrx_word' id='word_1_120' title='bbox 365 2431 415 2496; x_wconf 85' lang='lat' dir='ltr'>jam</span> <span class='ocrx_word' id='word_1_121' title='bbox 425 2430 572 2479; x_wconf 84' lang='lat' dir='ltr'>Hubertinus</span> <span class='ocrx_word' id='word_1_122' title='bbox 581 2439 647 2480; x_wconf 82' lang='lat' dir='ltr'>nota-</span> <span class='ocrx_word' id='word_1_123' title='bbox 760 2447 850 2492; x_wconf 80' lang='lat' dir='ltr'>precor.</span> <span class='ocrx_word' id='word_1_124' title='bbox 1039 2429 1129 2477; x_wconf 75' lang='lat' dir='ltr'>Eunu.</span> 
     </span>
     <span class='ocr_line' id='line_1_20' title="bbox 150 2501 1194 2570; baseline 0.001 -20"><span class='ocrx_word' id='word_1_125' title='bbox 150 2501 194 2550; x_wconf 83' lang='lat' dir='ltr'>rit.</span> <span class='ocrx_word' id='word_1_126' title='bbox 212 2503 298 2552; x_wconf 85' lang='lat' dir='ltr'>Noster</span> <span class='ocrx_word' id='word_1_127' title='bbox 307 2503 395 2553; x_wconf 87' lang='lat' dir='ltr'>lib.iii.</span> <span class='ocrx_word' id='word_1_128' title='bbox 406 2504 561 2553; x_wconf 68' lang='lat' dir='ltr'>Triccaae.</span> <span class='ocrx_word' id='word_1_129' title='bbox 729 2504 771 2552; x_wconf 81' lang='grc'><strong>36.</strong></span> <span class='ocrx_word' id='word_1_130' title='bbox 784 2503 938 2570; x_wconf 61' lang='lat' dir='ltr'>Frangitur]</span> <span class='ocrx_word' id='word_1_131' title='bbox 955 2501 1018 2551; x_wconf 86' lang='lat' dir='ltr'>Vide</span> <span class='ocrx_word' id='word_1_132' title='bbox 1033 2518 1087 2566; x_wconf 85' lang='lat' dir='ltr'>quse</span> <span class='ocrx_word' id='word_1_133' title='bbox 1104 2501 1194 2552; x_wconf 83' lang='lat' dir='ltr'>dehoc</span> 
     </span>
     <span class='ocr_line' id='line_1_21' title="bbox 184 2574 1196 2644; baseline 0 -17"><span class='ocrx_word' id='word_1_134' title='bbox 184 2576 283 2640; x_wconf 66' lang='lat' dir='ltr'>Quoque</span> <span class='ocrx_word' id='word_1_135' title='bbox 302 2580 344 2626; x_wconf 76' lang='lat' dir='ltr'>tili</span> <span class='ocrx_word' id='word_1_136' title='bbox 364 2587 395 2626; x_wconf 87' lang='lat' dir='ltr'>est</span> <span class='ocrx_word' id='word_1_137' title='bbox 422 2580 507 2644; x_wconf 78' lang='lat' dir='ltr'>lingue</span> <span class='ocrx_word' id='word_1_138' title='bbox 522 2576 647 2643; x_wconf 74' lang='lat' dir='ltr'>fecundis,</span> <span class='ocrx_word' id='word_1_139' title='bbox 697 2578 768 2626; x_wconf 80' lang='lat' dir='ltr'>verbo</span> <span class='ocrx_word' id='word_1_140' title='bbox 778 2577 890 2627; x_wconf 64' lang='lat' dir='ltr'>Heinius</span> <span class='ocrx_word' id='word_1_141' title='bbox 904 2585 983 2639; x_wconf 81' lang='lat' dir='ltr'>etego</span> <span class='ocrx_word' id='word_1_142' title='bbox 996 2574 1054 2623; x_wconf 89' lang='lat' dir='ltr'>olim</span> <span class='ocrx_word' id='word_1_143' title='bbox 1064 2576 1196 2627; x_wconf 70' lang='lat' dir='ltr'>maamm</span> 
     </span>
     <span class='ocr_line' id='line_1_22' title="bbox 214 2649 1195 2716; baseline 0.001 -17"><span class='ocrx_word' id='word_1_144' title='bbox 214 2650 294 2704; x_wconf 72' lang='lat' dir='ltr'>confer</span> <span class='ocrx_word' id='word_1_145' title='bbox 304 2654 331 2700; x_wconf 81' lang='lat' dir='ltr'>iss</span> <span class='ocrx_word' id='word_1_146' title='bbox 340 2653 411 2700; x_wconf 75' lang='lat' dir='ltr'>illud.</span> <span class='ocrx_word' id='word_1_147' title='bbox 698 2651 728 2700; x_wconf 82' lang='lat' dir='ltr'>ed</span> <span class='ocrx_word' id='word_1_148' title='bbox 739 2652 834 2701; x_wconf 91' lang='lat' dir='ltr'>Petron.</span> <span class='ocrx_word' id='word_1_149' title='bbox 850 2667 872 2699; x_wconf 94' lang='lat' dir='ltr'>c.</span> <span class='ocrx_word' id='word_1_150' title='bbox 883 2652 923 2699; x_wconf 83' lang='grc'><strong>75.</strong></span> <span class='ocrx_word' id='word_1_151' title='bbox 940 2659 965 2699; x_wconf 91' lang='lat' dir='ltr'>et</span> <span class='ocrx_word' id='word_1_152' title='bbox 974 2649 1087 2698; x_wconf 83' lang='lat' dir='ltr'>Heinsius</span> <span class='ocrx_word' id='word_1_153' title='bbox 1099 2665 1195 2716; x_wconf 84' lang='lat' dir='ltr'>qnoque</span> 
     </span>
     <span class='ocr_line' id='line_1_23' title="bbox 151 2722 1214 2790; baseline 0.002 -18"><span class='ocrx_word' id='word_1_154' title='bbox 151 2723 185 2772; x_wconf 89' lang='lat' dir='ltr'>V.</span> <span class='ocrx_word' id='word_1_155' title='bbox 196 2725 259 2774; x_wconf 86' lang='lat' dir='ltr'>Met.</span> <span class='ocrx_word' id='word_1_156' title='bbox 267 2727 325 2775; x_wconf 86' lang='grc'><strong>373.</strong></span> <span class='ocrx_word' id='word_1_157' title='bbox 698 2724 729 2774; x_wconf 87' lang='lat' dir='ltr'>ad</span> <span class='ocrx_word' id='word_1_158' title='bbox 743 2725 830 2774; x_wconf 86' lang='lat' dir='ltr'>Claud.</span> <span class='ocrx_word' id='word_1_159' title='bbox 843 2725 865 2773; x_wconf 90' lang='lat'>1.</span> <span class='ocrx_word' id='word_1_160' title='bbox 879 2723 955 2790; x_wconf 85' lang='lat' dir='ltr'>Epist.</span> <span class='ocrx_word' id='word_1_161' title='bbox 967 2724 1009 2773; x_wconf 82' lang='lat'>60.</span> <span class='ocrx_word' id='word_1_162' title='bbox 1020 2722 1055 2772; x_wconf 88' lang='lat' dir='ltr'>sic</span> <span class='ocrx_word' id='word_1_163' title='bbox 1065 2724 1154 2789; x_wconf 81' lang='lat' dir='ltr'>corrige</span> <span class='ocrx_word' id='word_1_164' title='bbox 1164 2726 1214 2774; x_wconf 81' lang='lat' dir='ltr'>ex&#39;</span> 
     </span>
     <span class='ocr_line' id='line_1_24' title="bbox 183 2798 1195 2863; baseline -0.004 -10"><span class='ocrx_word' id='word_1_165' title='bbox 183 2798 296 2862; x_wconf 70' lang='lat' dir='ltr'>Qujem</span> <span class='ocrx_word' id='word_1_166' title='bbox 304 2803 417 2863; x_wconf 60' lang='lat' dir='ltr'>patienta</span> <span class='ocrx_word' id='word_1_167' title='bbox 426 2810 557 2861; x_wconf 60' lang='lat' dir='ltr'>mrem</span> <span class='ocrx_word' id='word_1_168' title='bbox 698 2799 779 2848; x_wconf 87' lang='lat' dir='ltr'>codice</span> <span class='ocrx_word' id='word_1_169' title='bbox 792 2798 903 2848; x_wconf 89' lang='lat' dir='ltr'>Mediceo</span> <span class='ocrx_word' id='word_1_170' title='bbox 912 2798 1195 2849; x_wconf 79' lang='lat' dir='ltr'>Senecalocumin&#39;l&#39;ro·</span> 
     </span>
     <span class='ocr_line' id='line_1_25' title="bbox 154 2871 361 2924; baseline 0.014 -3"><span class='ocrx_word' id='word_1_171' title='bbox 154 2873 177 2922; x_wconf 88' lang='lat'>1.</span> <span class='ocrx_word' id='word_1_172' title='bbox 186 2873 257 2922; x_wconf 88' lang='lat' dir='ltr'>Pont.</span> <span class='ocrx_word' id='word_1_173' title='bbox 266 2871 309 2922; x_wconf 88' lang='lat' dir='ltr'>rii.</span> <span class='ocrx_word' id='word_1_174' title='bbox 318 2875 361 2924; x_wconf 72' lang='lat'>59.</span> 
     </span>
     <span class='ocr_line' id='line_1_26' title="bbox 186 2946 464 3010; baseline 0.011 -17"><span class='ocrx_word' id='word_1_175' title='bbox 186 2946 283 3010; x_wconf 65' lang='lat' dir='ltr'>Quaque</span> <span class='ocrx_word' id='word_1_176' title='bbox 293 2956 334 2994; x_wconf 81' lang='lat' dir='ltr'>rsus</span> <span class='ocrx_word' id='word_1_177' title='bbox 343 2955 375 2996; x_wconf 89' lang='lat' dir='ltr'>est</span> <span class='ocrx_word' id='word_1_178' title='bbox 384 2950 464 3010; x_wconf 85' lang='lat' dir='ltr'>pietus.</span> 
     </span>
     <span class='ocr_line' id='line_1_27' title="bbox 151 3018 970 3078; baseline 0 -11"><span class='ocrx_word' id='word_1_179' title='bbox 151 3019 184 3067; x_wconf 82' lang='lat' dir='ltr'>Et</span> <span class='ocrx_word' id='word_1_180' title='bbox 197 3018 264 3068; x_wconf 77' lang='lat' dir='ltr'>alibi.</span> <span class='ocrx_word' id='word_1_181' title='bbox 289 3018 352 3069; x_wconf 84' lang='lat' dir='ltr'>Vide</span> <span class='ocrx_word' id='word_1_182' title='bbox 365 3028 390 3069; x_wconf 90' lang='lat' dir='ltr'>et</span> <span class='ocrx_word' id='word_1_183' title='bbox 404 3020 434 3069; x_wconf 81' lang='lat' dir='ltr'>ed</span> <span class='ocrx_word' id='word_1_184' title='bbox 445 3018 563 3078; x_wconf 85' lang='lat' dir='ltr'>Quinctil.</span> <span class='ocrx_word' id='word_1_185' title='bbox 575 3019 647 3070; x_wconf 88' lang='lat' dir='ltr'>Decl.</span> <span class='ocrx_word' id='word_1_186' title='bbox 963 3051 970 3067; x_wconf 85' lang='lat'>.</span> 
     </span>
     <span class='ocr_line' id='line_1_28' title="bbox 151 3090 1196 3157; baseline 0.003 -16"><span class='ocrx_word' id='word_1_187' title='bbox 151 3091 236 3142; x_wconf 60' lang='lat' dir='ltr'>isal.</span> <span class='ocrx_word' id='word_1_188' title='bbox 263 3094 354 3142; x_wconf 81' lang='lat' dir='ltr'>Buarr.</span> <span class='ocrx_word' id='word_1_189' title='bbox 698 3092 885 3157; x_wconf 77' lang='lat' dir='ltr'>Vulgotrectus</span> <span class='ocrx_word' id='word_1_190' title='bbox 902 3090 1073 3142; x_wconf 76' lang='lat' dir='ltr'>circumfertur.</span> <span class='ocrx_word' id='word_1_191' title='bbox 1106 3092 1196 3144; x_wconf 80' lang='lat' dir='ltr'>Auctor</span> 
     </span>
     <span class='ocr_line' id='line_1_29' title="bbox 126 3164 885 3232; baseline -0.005 -14"><span class='ocrx_word' id='word_1_192' title='bbox 126 3206 131 3219; x_wconf 92' lang='lat'>.</span> <span class='ocrx_word' id='word_1_193' title='bbox 184 3169 227 3217; x_wconf 87' lang='grc'><strong>30.</strong></span> <span class='ocrx_word' id='word_1_194' title='bbox 250 3168 387 3217; x_wconf 63' lang='lat' dir='ltr'>amr</span> <span class='ocrx_word' id='word_1_195' title='bbox 407 3168 486 3232; x_wconf 72' lang='lat' dir='ltr'>licea]</span> <span class='ocrx_word' id='word_1_196' title='bbox 509 3167 648 3232; x_wconf 77' lang='lat' dir='ltr'>Elegantem</span> <span class='ocrx_word' id='word_1_197' title='bbox 698 3164 816 3216; x_wconf 72' lang='lat' dir='ltr'>Octavia.</span> <span class='ocrx_word' id='word_1_198' title='bbox 827 3167 885 3216; x_wconf 76' lang='lat'>586.</span> 
     </span>
     <span class='ocr_line' id='line_1_30' title="bbox 152 3239 1092 3301; baseline -0.003 -10"><span class='ocrx_word' id='word_1_199' title='bbox 152 3239 214 3290; x_wconf 82' lang='lat' dir='ltr'>hanc</span> <span class='ocrx_word' id='word_1_200' title='bbox 227 3239 423 3291; x_wconf 85' lang='lat' dir='ltr'>constructionem</span> <span class='ocrx_word' id='word_1_201' title='bbox 434 3242 581 3290; x_wconf 84' lang='lat' dir='ltr'>illustrarunt</span> <span class='ocrx_word' id='word_1_202' title='bbox 591 3239 648 3289; x_wconf 86' lang='lat' dir='ltr'>Nic.</span> <span class='ocrx_word' id='word_1_203' title='bbox 729 3241 914 3289; x_wconf 80' lang='lat' dir='ltr'>—Meritu</span> <span class='ocrx_word' id='word_1_204' title='bbox 924 3249 947 3288; x_wconf 91' lang='lat' dir='ltr'>te</span> <span class='ocrx_word' id='word_1_205' title='bbox 955 3240 1004 3288; x_wconf 79' lang='lat' dir='ltr'>ds&#39;ei</span> <span class='ocrx_word' id='word_1_206' title='bbox 1010 3241 1092 3301; x_wconf 62' lang='lat' dir='ltr'>prou,</span> 
     </span>
     <span class='ocr_line' id='line_1_31' title="bbox 152 3312 1196 3381; baseline -0.001 -17"><span class='ocrx_word' id='word_1_207' title='bbox 152 3314 265 3364; x_wconf 83' lang='lat' dir='ltr'>Heinsius</span> <span class='ocrx_word' id='word_1_208' title='bbox 277 3314 308 3364; x_wconf 86' lang='lat' dir='ltr'>sd</span> <span class='ocrx_word' id='word_1_209' title='bbox 318 3312 522 3364; x_wconf 70' lang='lat' dir='ltr'>Claudiamlilai.</span> <span class='ocrx_word' id='word_1_210' title='bbox 532 3313 563 3363; x_wconf 89' lang='lat' dir='ltr'>de</span> <span class='ocrx_word' id='word_1_211' title='bbox 572 3313 649 3362; x_wconf 78' lang='lat' dir='ltr'>had.</span> <span class='ocrx_word' id='word_1_212' title='bbox 731 3315 839 3378; x_wconf 74' lang='lat' dir='ltr'>AEtssqus</span> <span class='ocrx_word' id='word_1_213' title='bbox 845 3314 949 3381; x_wconf 75' lang='lat' dir='ltr'>franget</span> <span class='ocrx_word' id='word_1_214' title='bbox 965 3315 1076 3379; x_wconf 77' lang='lat' dir='ltr'>conjugis,</span> <span class='ocrx_word' id='word_1_215' title='bbox 1088 3316 1196 3376; x_wconf 68' lang='lat' dir='ltr'>merra,</span> 
     </span>
     <span class='ocr_line' id='line_1_32' title="bbox 151 3388 845 3449; baseline -0.003 -11"><span class='ocrx_word' id='word_1_216' title='bbox 151 3389 243 3438; x_wconf 82' lang='lat' dir='ltr'>Stilich.</span> <span class='ocrx_word' id='word_1_217' title='bbox 257 3390 312 3438; x_wconf 79' lang='lat'>150.</span> <span class='ocrx_word' id='word_1_218' title='bbox 330 3389 437 3439; x_wconf 84' lang='lat' dir='ltr'>Vorstius</span> <span class='ocrx_word' id='word_1_219' title='bbox 446 3388 567 3439; x_wconf 74' lang='lat' dir='ltr'>sdvmer.</span> <span class='ocrx_word' id='word_1_220' title='bbox 579 3389 647 3436; x_wconf 83' lang='lat' dir='ltr'>Mar.</span> <span class='ocrx_word' id='word_1_221' title='bbox 760 3391 845 3449; x_wconf 74' lang='lat' dir='ltr'>perdor.</span> 
     </span>
     <span class='ocr_line' id='line_1_33' title="bbox 152 3461 1111 3531; baseline 0.003 -22"><span class='ocrx_word' id='word_1_222' title='bbox 152 3461 186 3511; x_wconf 78' lang='lat' dir='ltr'>vi.</span> <span class='ocrx_word' id='word_1_223' title='bbox 197 3479 251 3529; x_wconf 81' lang='lat' dir='ltr'>esp.</span> <span class='ocrx_word' id='word_1_224' title='bbox 259 3464 286 3513; x_wconf 92' lang='lat' dir='ltr'>ii.</span> <span class='ocrx_word' id='word_1_225' title='bbox 298 3466 324 3513; x_wconf 92' lang='grc'><strong>3.</strong></span> <span class='ocrx_word' id='word_1_226' title='bbox 335 3465 400 3514; x_wconf 86' lang='lat' dir='ltr'>etad</span> <span class='ocrx_word' id='word_1_227' title='bbox 410 3465 500 3531; x_wconf 86' lang='lat' dir='ltr'>Sulpic.</span> <span class='ocrx_word' id='word_1_228' title='bbox 512 3463 593 3512; x_wconf 79' lang='lat' dir='ltr'>Seuer.</span> <span class='ocrx_word' id='word_1_229' title='bbox 604 3461 647 3511; x_wconf 84' lang='lat' dir='ltr'>lib.</span> <span class='ocrx_word' id='word_1_230' title='bbox 699 3461 840 3511; x_wconf 82' lang='lat' dir='ltr'>Cnllinrech.</span> <span class='ocrx_word' id='word_1_231' title='bbox 851 3464 926 3529; x_wconf 81' lang='lat' dir='ltr'>Hym.</span> <span class='ocrx_word' id='word_1_232' title='bbox 937 3463 962 3512; x_wconf 91' lang='lat' dir='ltr'>in</span> <span class='ocrx_word' id='word_1_233' title='bbox 972 3463 1044 3512; x_wconf 90' lang='lat' dir='ltr'>Delo.</span> <span class='ocrx_word' id='word_1_234' title='bbox 1055 3463 1111 3512; x_wconf 88' lang='grc'><strong>107.</strong></span> 
     </span>
     <span class='ocr_line' id='line_1_34' title="bbox 152 3534 1172 3602; baseline 0.003 -19"><span class='ocrx_word' id='word_1_235' title='bbox 152 3535 168 3584; x_wconf 90' lang='lat' dir='ltr'>i.</span> <span class='ocrx_word' id='word_1_236' title='bbox 178 3552 233 3602; x_wconf 84' lang='lat' dir='ltr'>cap.</span> <span class='ocrx_word' id='word_1_237' title='bbox 244 3538 270 3585; x_wconf 80' lang='lat'>4.</span> <span class='ocrx_word' id='word_1_238' title='bbox 297 3539 387 3588; x_wconf 78' lang='lat' dir='ltr'>Burrus.</span> <span class='ocrx_word' id='word_1_239' title='bbox 716 3534 778 3586; x_wconf 71' lang='grc' dir='ltr'>Οὐδὲ</span> <span class='ocrx_word' id='word_1_240' title='bbox 787 3535 957 3597; x_wconf 72' lang='grc' dir='ltr'>κατεκλάσθης</span> <span class='ocrx_word' id='word_1_241' title='bbox 967 3555 993 3586; x_wconf 83' lang='lat' dir='ltr'>re</span> <span class='ocrx_word' id='word_1_242' title='bbox 1003 3538 1045 3586; x_wconf 81' lang='lat' dir='ltr'>sai</span> <span class='ocrx_word' id='word_1_243' title='bbox 1054 3536 1172 3596; x_wconf 73' lang='grc' dir='ltr'><strong>οἰκτισας.</strong></span> 
     </span>
     <span class='ocr_line' id='line_1_35' title="bbox 184 3609 1177 3675; baseline 0.001 -17"><span class='ocrx_word' id='word_1_244' title='bbox 184 3611 226 3659; x_wconf 78' lang='grc'><strong>81.</strong></span> <span class='ocrx_word' id='word_1_245' title='bbox 241 3612 313 3661; x_wconf 80' lang='lat' dir='ltr'>Viduo</span> <span class='ocrx_word' id='word_1_246' title='bbox 325 3612 404 3675; x_wconf 75' lang='lat' dir='ltr'>lecta]</span> <span class='ocrx_word' id='word_1_247' title='bbox 423 3609 513 3660; x_wconf 83' lang='lat' dir='ltr'>Eodem</span> <span class='ocrx_word' id='word_1_248' title='bbox 526 3625 597 3659; x_wconf 86' lang='lat' dir='ltr'>sensu</span> <span class='ocrx_word' id='word_1_249' title='bbox 610 3625 649 3659; x_wconf 89' lang='lat' dir='ltr'>eu·</span> <span class='ocrx_word' id='word_1_250' title='bbox 1087 3612 1177 3660; x_wconf 79' lang='lat' dir='ltr'>Eunu.</span> 
     </span>
    </p>
   </div>
   <div class='ocr_carea' id='block_1_4' title="bbox 151 3683 1281 3749">
    <p class='ocr_par' dir='ltr' id='par_1_9' title="bbox 151 3683 1281 3749">
     <span class='ocr_line' id='line_1_36' title="bbox 151 3683 1281 3749; baseline 0 -17"><span class='ocrx_word' id='word_1_251' title='bbox 151 3699 195 3749; x_wconf 83' lang='lat' dir='ltr'>pra</span> <span class='ocrx_word' id='word_1_252' title='bbox 214 3687 326 3734; x_wconf 71' lang='lat' dir='ltr'>desertum</span> <span class='ocrx_word' id='word_1_253' title='bbox 345 3684 414 3742; x_wconf 83' lang='lat' dir='ltr'>dixit,</span> <span class='ocrx_word' id='word_1_254' title='bbox 434 3684 479 3733; x_wconf 85' lang='lat' dir='ltr'>hoc</span> <span class='ocrx_word' id='word_1_255' title='bbox 497 3683 567 3732; x_wconf 85' lang='lat' dir='ltr'>modo</span> <span class='ocrx_word' id='word_1_256' title='bbox 588 3683 650 3732; x_wconf 77' lang='lat' dir='ltr'>infra</span> <span class='ocrx_word' id='word_1_257' title='bbox 731 3685 774 3735; x_wconf 83' lang='grc'><strong>37.</strong></span> <span class='ocrx_word' id='word_1_258' title='bbox 785 3687 841 3734; x_wconf 79' lang='lat' dir='ltr'>Alte</span> <span class='ocrx_word' id='word_1_259' title='bbox 856 3683 1005 3749; x_wconf 54' lang='grc' dir='ltr'>ἥψω]</span> <span class='ocrx_word' id='word_1_260' title='bbox 1027 3684 1128 3748; x_wconf 67' lang='lat' dir='ltr'>Egregie</span> <span class='ocrx_word' id='word_1_261' title='bbox 1144 3686 1194 3734; x_wconf 84' lang='lat' dir='ltr'>llo-</span> <span class='ocrx_word' id='word_1_262' title='bbox 1277 3724 1281 3732; x_wconf 93' lang='lat'>.</span> 
     </span>
    </p>
   </div>
   <div class='ocr_carea' id='block_1_5' title="bbox 152 3757 1196 4268">
    <p class='ocr_par' dir='ltr' id='par_1_10' title="bbox 152 3757 1196 4268">
     <span class='ocr_line' id='line_1_37' title="bbox 152 3757 1184 3825; baseline -0.001 -18"><span class='ocrx_word' id='word_1_263' title='bbox 152 3757 229 3824; x_wconf 80' lang='lat' dir='ltr'>Epist.</span> <span class='ocrx_word' id='word_1_264' title='bbox 236 3759 346 3809; x_wconf 86' lang='lat' dir='ltr'>OEnonis.</span> <span class='ocrx_word' id='word_1_265' title='bbox 356 3760 649 3821; x_wconf 77' lang='lat' dir='ltr'>Nueejucetissriduom·</span> <span class='ocrx_word' id='word_1_266' title='bbox 699 3759 999 3825; x_wconf 78' lang='lat' dir='ltr'>meriuersumesOdyas</span> <span class='ocrx_word' id='word_1_267' title='bbox 1010 3777 1037 3807; x_wconf 89' lang='grc' dir='ltr'><strong>α.</strong></span> <span class='ocrx_word' id='word_1_268' title='bbox 1048 3757 1184 3807; x_wconf 83' lang='lat' dir='ltr'>transtulit.</span> 
     </span>
     <span class='ocr_line' id='line_1_38' title="bbox 152 3831 1193 3900; baseline 0.003 -21"><span class='ocrx_word' id='word_1_269' title='bbox 152 3833 332 3882; x_wconf 81' lang='lat' dir='ltr'>dulusitlstero.</span> <span class='ocrx_word' id='word_1_270' title='bbox 350 3831 648 3898; x_wconf 74' lang='lat' dir='ltr'>EsSeneceinHippolito,</span> <span class='ocrx_word' id='word_1_271' title='bbox 699 3835 810 3900; x_wconf 73' lang='grc' dir='ltr'>Δυλιχίῳ</span> <span class='ocrx_word' id='word_1_272' title='bbox 821 3852 855 3891; x_wconf 80' lang='lat' dir='ltr'>rs,</span> <span class='ocrx_word' id='word_1_273' title='bbox 864 3833 971 3899; x_wconf 63' lang='grc' dir='ltr'>Σάμρτε</span> <span class='ocrx_word' id='word_1_274' title='bbox 982 3831 1134 3890; x_wconf 59' lang='lat' dir='ltr'>emiliam</span> <span class='ocrx_word' id='word_1_275' title='bbox 1146 3838 1193 3882; x_wconf 75' lang='lat' dir='ltr'>Zu-</span> 
     </span>
     <span class='ocr_line' id='line_1_39' title="bbox 153 3904 824 3972; baseline 0.001 -16"><span class='ocrx_word' id='word_1_276' title='bbox 153 3920 195 3971; x_wconf 82' lang='lat' dir='ltr'>qur</span> <span class='ocrx_word' id='word_1_277' title='bbox 187 3904 285 3956; x_wconf 82' lang='lat' dir='ltr'>Ovidii</span> <span class='ocrx_word' id='word_1_278' title='bbox 295 3923 411 3956; x_wconf 79' lang='lat' dir='ltr'>maximus</span> <span class='ocrx_word' id='word_1_279' title='bbox 420 3907 483 3956; x_wconf 82' lang='lat' dir='ltr'>furt</span> <span class='ocrx_word' id='word_1_280' title='bbox 476 3907 592 3961; x_wconf 80' lang='lat' dir='ltr'>imitator</span> <span class='ocrx_word' id='word_1_281' title='bbox 731 3909 824 3972; x_wconf 71' lang='grc' dir='ltr'><strong>κῦνθῳ.</strong></span> 
     </span>
     <span class='ocr_line' id='line_1_40' title="bbox 185 3977 1195 4044; baseline 0.001 -16"><span class='ocrx_word' id='word_1_282' title='bbox 185 3980 520 4044; x_wconf 75' lang='lat' dir='ltr'>—Curtcrooiduojscesi</span> <span class='ocrx_word' id='word_1_283' title='bbox 553 3979 625 4029; x_wconf 85' lang='lat' dir='ltr'>Cror.</span> <span class='ocrx_word' id='word_1_284' title='bbox 699 3981 749 4033; x_wconf 89' lang='lat' dir='ltr'>Ubi</span> <span class='ocrx_word' id='word_1_285' title='bbox 764 3980 850 4030; x_wconf 84' lang='lat' dir='ltr'>mirum</span> <span class='ocrx_word' id='word_1_286' title='bbox 867 3978 931 4044; x_wconf 90' lang='lat' dir='ltr'>quod</span> <span class='ocrx_word' id='word_1_287' title='bbox 946 3977 1049 4038; x_wconf 64' lang='grc' dir='ltr'>ὖλὴιντι</span> <span class='ocrx_word' id='word_1_288' title='bbox 1065 3977 1195 4029; x_wconf 80' lang='lat' dir='ltr'>masculino</span> 
     </span>
     <span class='ocr_line' id='line_1_41' title="bbox 187 4050 1196 4119; baseline 0.002 -19"><span class='ocrx_word' id='word_1_289' title='bbox 187 4053 229 4101; x_wconf 83' lang='grc'><strong>33.</strong></span> <span class='ocrx_word' id='word_1_290' title='bbox 242 4052 292 4101; x_wconf 76' lang='lat' dir='ltr'>Tua</span> <span class='ocrx_word' id='word_1_291' title='bbox 301 4053 366 4116; x_wconf 59' lang='grc' dir='ltr'>ἀοι]</span> <span class='ocrx_word' id='word_1_292' title='bbox 383 4052 461 4103; x_wconf 82' lang='lat' dir='ltr'>Tun&#39;</span> <span class='ocrx_word' id='word_1_293' title='bbox 443 4071 485 4102; x_wconf 74' lang='lat' dir='ltr'>am</span> <span class='ocrx_word' id='word_1_294' title='bbox 494 4069 537 4102; x_wconf 86' lang='lat' dir='ltr'>ees</span> <span class='ocrx_word' id='word_1_295' title='bbox 548 4052 649 4111; x_wconf 82' lang='lat' dir='ltr'>codices,</span> <span class='ocrx_word' id='word_1_296' title='bbox 698 4071 785 4119; x_wconf 78' lang='lat' dir='ltr'>genere</span> <span class='ocrx_word' id='word_1_297' title='bbox 794 4053 887 4108; x_wconf 79' lang='lat' dir='ltr'>dixerit,</span> <span class='ocrx_word' id='word_1_298' title='bbox 898 4050 962 4116; x_wconf 88' lang='lat' dir='ltr'>quod</span> <span class='ocrx_word' id='word_1_299' title='bbox 968 4050 1019 4117; x_wconf 81' lang='lat' dir='ltr'>jam</span> <span class='ocrx_word' id='word_1_300' title='bbox 1030 4050 1196 4102; x_wconf 80' lang='lat' dir='ltr'>Grammaticis</span> 
     </span>
     <span class='ocr_line' id='line_1_42' title="bbox 155 4124 1195 4189; baseline 0.002 -15"><span class='ocrx_word' id='word_1_301' title='bbox 155 4124 219 4189; x_wconf 89' lang='lat' dir='ltr'>quod</span> <span class='ocrx_word' id='word_1_302' title='bbox 233 4124 360 4183; x_wconf 73' lang='lat' dir='ltr'>effimcius,</span> <span class='ocrx_word' id='word_1_303' title='bbox 378 4127 501 4176; x_wconf 86' lang='lat' dir='ltr'>nonenim</span> <span class='ocrx_word' id='word_1_304' title='bbox 513 4134 590 4183; x_wconf 81' lang='lat' dir='ltr'>roret,</span> <span class='ocrx_word' id='word_1_305' title='bbox 606 4127 649 4176; x_wconf 89' lang='lat' dir='ltr'>sed</span> <span class='ocrx_word' id='word_1_306' title='bbox 697 4129 728 4178; x_wconf 83' lang='lat' dir='ltr'>ad</span> <span class='ocrx_word' id='word_1_307' title='bbox 739 4128 807 4176; x_wconf 87' lang='lat' dir='ltr'>illum</span> <span class='ocrx_word' id='word_1_308' title='bbox 816 4127 895 4175; x_wconf 87' lang='lat' dir='ltr'>locum</span> <span class='ocrx_word' id='word_1_309' title='bbox 905 4133 1011 4175; x_wconf 69' lang='lat' dir='ltr'>nouom</span> <span class='ocrx_word' id='word_1_310' title='bbox 1026 4133 1075 4174; x_wconf 86' lang='lat' dir='ltr'>est:</span> <span class='ocrx_word' id='word_1_311' title='bbox 1093 4125 1195 4176; x_wconf 78' lang='lat' dir='ltr'>Ovidirss</span> 
     </span>
     <span class='ocr_line' id='line_1_43' title="bbox 155 4196 1194 4268; baseline 0.003 -20"><span class='ocrx_word' id='word_1_312' title='bbox 155 4206 272 4250; x_wconf 78' lang='lat' dir='ltr'>asserem</span> <span class='ocrx_word' id='word_1_313' title='bbox 286 4199 407 4268; x_wconf 82' lang='lat' dir='ltr'>Penelope</span> <span class='ocrx_word' id='word_1_314' title='bbox 416 4216 443 4250; x_wconf 88' lang='lat' dir='ltr'>se</span> <span class='ocrx_word' id='word_1_315' title='bbox 457 4197 537 4251; x_wconf 79' lang='lat' dir='ltr'>Ulixis</span> <span class='ocrx_word' id='word_1_316' title='bbox 551 4214 611 4258; x_wconf 87' lang='lat' dir='ltr'>esse,</span> <span class='ocrx_word' id='word_1_317' title='bbox 625 4208 650 4250; x_wconf 88' lang='lat' dir='ltr'>et</span> <span class='ocrx_word' id='word_1_318' title='bbox 698 4209 788 4258; x_wconf 80' lang='lat' dir='ltr'>autem,</span> <span class='ocrx_word' id='word_1_319' title='bbox 797 4197 972 4265; x_wconf 69' lang='lat' dir='ltr'>cumVirgilius</span> <span class='ocrx_word' id='word_1_320' title='bbox 978 4196 1066 4265; x_wconf 78' lang='lat' dir='ltr'>aliique</span> <span class='ocrx_word' id='word_1_321' title='bbox 1076 4197 1136 4250; x_wconf 90' lang='lat' dir='ltr'>illud</span> <span class='ocrx_word' id='word_1_322' title='bbox 1143 4217 1194 4251; x_wconf 81' lang='lat' dir='ltr'>rer·</span> 
     </span>
    </p>
   </div>
   <div class='ocr_carea' id='block_1_6' title="bbox 0 0 1455 4980">
    <p class='ocr_par' dir='ltr' id='par_1_11' title="bbox 0 0 1455 4980">
     <span class='ocr_line' id='line_1_44' title="bbox 0 0 1455 4980; baseline 0 0"><span class='ocrx_word' id='word_1_323' title='bbox 0 0 1455 4980; x_wconf 95' lang='lat' dir='ltr'> </span> 
     </span>
    </p>
   </div>
  </div>
 </body>
</html>
