2896 4980
195 316 261 383 218
491 314 529 380 P.
546 311 707 380 OVIDII
731 310 949 381 NASONIS'

197 490 347 590 Jupiter
362 489 420 563 his
437 488 589 585 gaudet,
608 486 749 584 gaudet
766 485 896 561 Venus
913 512 1028 563 aurea
1043 488 1163 565 furtis.

248 605 342 681 Haec
355 605 423 680 tibi
438 628 573 704 nempe
583 616 727 703 patrem
740 603 840 679 furta
852 606 988 680 dedere
998 605 1145 682 lovem.
1162 612 1229 683 290

198 723 273 797 Vix
290 722 381 809 fieri,
402 723 432 794 si
451 732 538 794 sunt
554 720 650 794 vires
668 720 706 792 in
725 720 868 794 semine
886 746 1051 810 avorum,

247 839 297 914 Et
313 838 336 910 J
339 839 417 911 ovis
435 849 473 912 et
491 836 603 911 Ledae
620 829 708 923 filia,
727 849 834 911 casta
850 850 971 936 potes.

198 956 315 1030 Casto
330 968 456 1029 tamen
475 965 554 1027 turn
572 955 636 1041 sis,
655 978 741 1027 curn
759 966 798 1028 te
816 980 901 1030 mea
917 955 1032 1054 Troja
1047 958 1206 1034 tenebit:

247 1073 297 1147 Et
314 1085 380 1146 tua
397 1072 480 1159 sim,
500 1095 641 1168 quoeso,
660 1072 817 1146 crimina
834 1075 935 1147 solus
953 1098 1037 1171 ego.

197 1189 234 1264 N
237 1215 310 1265 uno
329 1213 375 1263 ea
390 1212 604 1288 peccemus
617 1213 702 1285 quoe
715 1190 876 1286 corrigat
888 1191 979 1265 hora
986 1191 1145 1288 jugalis:
1163 1194 1228 1265 295

247 1308 288 1382 Si
306 1307 418 1380 modo
435 1305 606 1405 promisit
622 1329 696 1379 non
714 1305 804 1379 mihi
821 1329 918 1380 vana
934 1305 1076 1381 Venus.

197 1424 275 1499 Sed
292 1423 362 1498 tibi
379 1433 419 1497 et
435 1422 505 1497 hoc
524 1421 658 1496 suadet
674 1423 799 1508 rebus,
819 1447 893 1496 non
911 1447 1015 1511 voce,
1034 1423 1206 1498 maritus:

247 1538 354 1614 Neve
371 1538 426 1611 tui
443 1536 552 1611 furtis
569 1537 729 1635 hospitis
747 1538 885 1625 obstet,
906 1539 1026 1633 abest.

198 1655 285 1730 Non
303 1654 434 1729 habuit
450 1665 613 1752 tempus,
632 1679 708 1752 quo
727 1654 880 1730 Cressia
898 1679 1013 1753 regna
1029 1657 1182 1744 videret,

244 1771 394 1870 Aptius.
421 1771 445 1843 0
461 1771 555 1844 mira
571 1771 775 1846 calliditate
792 1773 930 1846 virum!
1161 1778 1227 1847 300

198 1887 283 1973 lvit,
303 1898 353 1973 ct,
374 1885 478 1973 Idoei,
498 1888 635 1961 mando
653 1888 734 1975 tibi,
753 1888 850 1961 dixit
868 1888 999 1976 iturus,

247 2004 387 2076 Curam
404 2026 472 2101 pro
491 2003 598 2077 nobis
616 2005 787 2103 hospitis,
806 2029 912 2092 uxor,
933 2030 1036 2103 agua.

197 2118 369 2215 Negligis
387 2118 553 2192 absentis
572 2120 723 2216 (testor)
741 2121 919 2195 mandata
935 2121 1078 2196 mariti:
1166 2168 1173 2181 ι

247 2234 351 2307 Cura
366 2232 435 2306 tibi
453 2257 528 2307 non
546 2246 605 2307 est
618 2235 777 2333 hospitis
794 2237 872 2310 ulla
888 2238 956 2311 tui.

197 2349 395 2424 Hunccine
413 2359 455 2422 tu
473 2374 601 2448 speres
620 2351 809 2425 hominem
827 2353 908 2427 sine
926 2365 1078 2452 pectore
1095 2353 1212 2427 dotes.

246 2465 367 2540 Posse
386 2466 477 2539 satis
494 2464 634 2554 formae,
654 2467 832 2568 Tyndari,
853 2495 963 2544 nosse
980 2470 1081 2545 tuael
1163 2470 1230 2542 306

197 2583 374 2658 Falleris:
403 2584 561 2680 ignorat.
590 2609 673 2672 nec,
693 2586 725 2658 si
743 2588 843 2661 bona
859 2610 1006 2660 summa
1022 2595 1173 2684 putaret

247 2700 341 2786 Quae
359 2712 474 2788 tenet,
494 2710 651 2776 externo
668 2703 839 2777 crederet
857 2704 920 2775 illa
937 2703 1027 2776 vir0.

225 2842 284 2889 798.
303 2840 368 2904 Sub]
389 2840 545 2904 TuiRegius.
562 2853 690 2891 utmoxv.
734 2844 795 2906 juga
813 2851 924 2906 agentem.
954 2838 1129 2890 tramitte.
1162 2836 1234 2901 Nau

195 2916 253 2963 304.
278 2914 373 2963 notius.
401 2914 470 2979 quasi
490 2913 540 2980 ipse
565 2915 692 2964 Menelaus
742 2918 1080 2979 bella,aeqaedelcctaa,aapua
1089 2914 1234 2962 ullandin

195 2987 283 3037 Purida
292 2987 368 3052 magis
378 2987 457 3036 uxoris
467 3004 523 3045 suae,
535 3005 606 3052 quum
623 3006 691 3039 suurn
739 2994 837 3052 priorem
847 3008 926 3039 curam
936 3007 1013 3055 agere.
1025 2998 1050 3038 et
1060 2986 1110 3037 viii.
1118 2989 1145 3038 3.
1173 2986 1233 3037 Τη-

194 3060 311 3128 hospitem
319 3061 484 3111 existimasset.
508 3064 596 3111 Bona.
742 3080 808 3126 quam
820 3067 848 3112 de
866 3063 1014 3119 Samnitibus,
1023 3081 1070 3111 aaa
1079 3065 1108 3112 da
1122 3078 1145 3111 rt
1159 3074 1233 3110 aaran

227 3136 390 3184 truncorum
410 3138 488 3201 agae]
510 3137 622 3202 Quinque
638 3137 692 3186 libri
742 3146 845 3202 agerent.
865 3137 930 3185 xxiv.
949 3138 992 3186 27.
1027 3136 1075 3190 Qar
1092 3152 1171 3184 carn
1186 3148 1233 3183 m

195 3211 259 3259 baba.
277 3209 402 3259 sedmale.
428 3210 500 3259 Trist.
511 3211 553 3259 lib.
564 3228 588 3259 v.
599 3212 638 3260 El.
650 3211 692 3260 vii.
744 3210 881 3259 Praetoribus
901 3213 929 3258 aa
947 3209 1234 3275 ramaanaasadmgr-

195 3284 237 3331 30.
743 3295 804 3332 rent.
822 3286 905 3332 Senec.
916 3283 934 3331 i.
952 3292 1028 3332 contr.
1041 3284 1067 3332 3.
1101 3284 1233 3331 anaara-

228 3354 584 3419 ——Curamquefuturl
743 3359 847 3405 mortales
870 3359 1022 3405 bainariorum
1054 3372 1133 3405 ramat
1160 3368 1235 3405 enm

229 3428 341 3483 Nominis,
351 3430 433 3477 utilius
443 3433 503 3491 quod
520 3432 630 3485 latuisset,
643 3447 691 3495 ego.
742 3442 823 3496 agant.
839 3432 888 3495 leg.
908 3431 924 3478 i.
940 3431 971 3479 C.
989 3430 1019 3480 dc
1037 3430 1110 3479 Offic.
1127 3426 1234 3494 Magistr-

569 3503 660 3552 llurss.
743 3504 847 3554 Officior.
871 3505 1031 3566 Principatum
1041 3505 1181 3566 alipium
1189 3516 1232 3549 u·

197 3575 284 3640 Virgil.
296 3573 374 3623 Culic.
384 3575 426 3622 98.
743 3581 838 3627 tricula.
863 3582 1005 3636 manante,
1024 3580 1059 3625 ita
1075 3580 1152 3627 atad
1172 3588 1235 3626 eam

230 3648 324 3697 Talibus
333 3650 358 3695 in
368 3649 606 3703 cantuaritarum
618 3653 691 3706 niam,
742 3657 841 3717 agendas
851 3664 873 3702 et
881 3671 973 3702 rursum
981 3656 1019 3702 illi
1026 3663 1116 3709 eraaat,
1124 3669 1177 3715 quar
1185 3650 1235 3699 ato

260 3726 349 3786 apricas
742 3729 910 3777 militiaerocut.
937 3728 1010 3777 Plura
1020 3720 1234 3783 adeaaninetil

230 3798 313 3847 Pastor
323 3801 373 3862 agit
383 3814 460 3845 curas.
742 3819 766 3849 v.
779 3802 839 3852 lost.
852 3803 919 3852 Orat.
930 3804 954 3851 6.
972 3804 1063 3851 Boas«.

196 3872 227 3922 Et
244 3872 299 3921 hinc
317 3872 376 3922 nihil
393 3888 510 3922 moverem
527 3872 578 3921 xiii.
590 3874 691 3923 Metam.
774 3877 832 3925 303.
851 3876 957 3939 Mariti]
978 3876 1090 3939 Tyranni,
1107 3873 1131 3921 id
1150 3880 1187 3921 est
1199 3885 1233 3919 re·

195 3948 253 3995 371.
742 3950 786 4013 gis,
798 3966 879 4015 margo
889 3950 1039 4000 Benmanui.
1056 3957 1081 3998 et
1097 3948 1131 3997 ita
1144 3941 1232 4015 plurimi

230 4022 319 4084 Proque
345 4032 379 4070 tat
404 4040 516 4071 annorum
541 4025 612 4078 carris,
639 4040 693 4086 quar
742 4023 834 4088 scripti.

260 4097 342 4144 amiur
352 4099 398 4162 egi.
774 4099 833 4148 307.
853 4098 918 4146 Boua
936 4097 1045 4163 namma]
1069 4096 1110 4145 Itu
1126 4098 1231 4159 excerpit

196 4166 474 4220 Neeix.bletun.107.
509 4170 692 4234 Caraapracoa·
743 4173 869 4223 Gallicana
889 4180 914 4221 et
934 4170 1015 4222 Editio
1035 4168 1145 4221 Colinni.
1172 4160 1230 4231 qood
