2896 4980
379 322 522 389 ARTIS
545 320 814 388 Aun'romm
838 320 929 389 LIB.
953 320 983 386 Ι.
1026 349 1036 355 ·
1138 322 1204 390 m

159 497 244 570 Sint
261 497 374 571 etiam
392 507 458 570 tua
473 508 561 571 voto
576 496 654 571 viro
671 496 858 595 placuisse
876 495 1025 594 puellae.

208 612 343 685 Utilior
360 613 456 686 votis
473 612 595 686 sactus
613 612 756 686 amicus
775 611 857 686 erit.
1128 618 1205 687 480

158 726 270 813 Huic,
288 727 321 799 si
338 738 439 801 sorte
456 727 577 814 bibes,
596 738 735 801 sortem
753 725 921 800 concede
937 725 1121 825 priorem:

206 841 306 916 Huic
325 843 435 916 detur
451 843 566 942 capiti
584 843 740 941 dempta
755 863 893 915 corona
909 850 988 914 tuo.

155 957 245 1031 Sive
264 959 314 1031 sit
330 957 490 1045 inferior,
510 982 578 1032 seu
595 983 675 1057 par,
694 958 796 1056 prior
811 956 939 1030 omnia
955 966 1100 1032 sumet:

206 1073 294 1147 Neu
312 1073 463 1148 dubites
481 1073 534 1147 illi
551 1075 666 1148 verba
682 1072 851 1146 secunda
866 1070 983 1167 loqui.

156 1186 579 1285 Tutafrequeusquevia
588 1199 657 1275 est,
666 1211 735 1286 per
744 1185 1040 1260 amicumfallere
1050 1211 1200 1263 nomen.

205 1302 305 1377 Tuta
313 1303 567 1401 frequensque
577 1302 668 1376 licet
677 1302 726 1375 sit
734 1301 811 1388 via3
831 1301 974 1374 crimen
987 1302 1113 1376 habet.
1127 1306 1201 1377 586

157 1416 251 1491 lnde
269 1429 485 1516 procurator
497 1418 656 1490 nimium
672 1440 825 1514 quoque
842 1416 962 1490 multo
977 1427 1165 1515 procurat,

208 1531 258 1606 Et
275 1534 347 1607 sibi
364 1534 550 1608 mandatis
568 1534 676 1632 plura
692 1532 853 1606 videnda
870 1542 990 1631 putat.

157 1646 272 1722 Certa
288 1649 357 1722 tibi
375 1674 397 1723 a
414 1651 522 1726 nobis
539 1650 690 1724 dabitur
706 1673 883 1723 mensura
898 1639 1073 1725 bibendi:

206 1762 382 1837 Officium
396 1775 575 1863 praestent
589 1789 772 1863 mensque
785 1765 979 1865 pedesque
989 1790 1112 1841 suum.
1124 1770 1200 1842 590

154 1876 177 1947 J
180 1880 285 1975 urgia
302 1883 503 1980 precipue,
522 1884 608 1956 vino
625 1882 827 1967 stimulato,
846 1891 991 1968 caveto,

206 1993 256 2067 Et
273 1997 429 2070 nimium
446 1996 575 2070 faciles
592 1998 641 2071 ad
657 1996 737 2070 fera
753 1996 855 2070 bella
870 2019 1016 2070 manus.

157 2107 308 2183 Occidit
326 2111 510 2210 Eurytion
528 2113 642 2187 stulte
659 2112 749 2187 datu
764 2112 852 2187 vina
867 2110 1045 2186 bibendo'.

204 2224 338 2322 Aptior
354 2238 414 2299 est
430 2228 531 2301 dulci
548 2251 681 2302 mensa
696 2250 918 2325 merumque
930 2228 1031 2324 joco.

157 2340 198 2411 Si
215 2365 289 2413 vox
306 2351 377 2428 est,
396 2355 528 2418 canta:
560 2346 592 2418 si
611 2344 738 2417 mollia
754 2342 920 2426 brachia,
939 2342 1052 2416 salta:
1122 2349 1196 2419 595

206 2454 267 2543 Et,
287 2480 528 2556 quecumque
545 2470 654 2559 potes
672 2460 760 2533 dote
776 2460 938 2558 placere,
956 2456 1077 2555 ploce.

186 2738 243 2786 581.
262 2738 325 2788 Huic
341 2742 361 2788 ri
371 2741 438 2804 sorte
448 2741 531 2804 bibon]
551 2741 577 2789 Si
591 2752 649 2792 sorte
732 2742 788 2791 587.
806 2739 863 2789 lude
876 2738 1015 2802 Propinator
1029 2741 1125 2788 nimium
1143 2758 1197 2805 quo·

158 2810 258 2860 Puteani
276 2821 300 2862 et
317 2813 431 2878 Scaligeri
447 2824 570 2880 excerpts.
587 2830 650 2865 vere,
699 2816 945 2879 mmeramme.
969 2813 1075 2876 Eride]
1094 2814 1197 2878 Depre·

155 2893 234 2932 notum
250 2886 319 2943 illud,
337 2882 476 2953 Nee'regua
492 2891 540 2937 uini
558 2893 650 2939 wrtiere
697 2893 802 2951 pinotere
817 2890 961 2950 Jffmnunte,
971 2886 1035 2951 quod
1045 2886 1089 2936 viri
1102 2889 1198 2948 eruditi,

155 2960 217 3006 talis.
235 2969 286 3007 turn
304 2971 329 3009 et
347 2961 399 3018 hoc,
415 2963 487 3016 Quem
501 2961 575 3010 Venus
589 2964 650 3011 mbr·-
700 2961 840 3027 depravatos
847 2959 941 3009 codices
951 2957 1079 3017 recumbis
1087 2959 1198 3025 produnt,

155 3040 216 3079 trum
232 3036 291 3082 dicet
309 3036 406 3083 bibendi.
438 3035 477 3084 De
491 3035 651 3100 lege'l'tlsria
699 3050 777 3083 avere
785 3033 889 3082 alienum
899 3041 943 3082 est.
966 3031 1029 3081 Libri
1041 3041 1105 3081 certe
1116 3035 1198 3086 melio·

154 3105 312 3154 conviviorum
320 3108 371 3172 jem
386 3108 481 3157 abunde
491 3107 652 3158 disseruerunt
700 3125 737 3156 res
748 3108 807 3156 nihil
817 3107 915 3155 varient.
947 3105 1006 3171 Agit
1016 3105 1047 3155 de
1062 3117 1198 3171 procurato-

154 3177 361 3229 homiueseruditi.
394 3180 486 3230 Herus.
700 3179 773 3236 ribus,
781 3195 841 3245 quos
851 3178 940 3228 domiui
950 3180 1061 3228 absentes
1070 3179 1198 3233 numni·

187 3253 243 3299 582.
262 3252 569 3316 Capittmisrueoronutue]
581 3254 648 3303 Dou-
700 3253 883 3309 constituebant,
902 3251 990 3317 quique
1007 3251 1054 3301 iste
1073 3253 1203 3305 occasione*

154 3341 181 3373 m
197 3326 314 3376 retinebat
329 3331 402 3385 missa,
413 3336 437 3376 et
453 3328 598 3393 explicabat,
610 3342 651 3377 co·
701 3341 782 3375 eorum
797 3327 945 3381 auctoritate,
960 3341 1060 3390 quorum
1076 3342 1114 3376 res
1130 3343 1197 3380 curt·

154 3400 651 3467 rommtuocupitiparatamdestinetum·
700 3399 766 3455 baut,
779 3415 948 3464 nonnunquam
958 3400 1127 3451 abutebantur.
1158 3403 1199 3455 In
1244 3394 1247 3399 ¹

154 3488 201 3535 que
217 3473 254 3521 illi
274 3472 378 3539 impone,
396 3482 510 3539 tauquam
530 3474 651 3524 meliorem
700 3484 755 3521 eum
766 3472 886 3536 Naugerio
896 3472 968 3522 etium
978 3471 1127 3523 doctissimus
1136 3475 1199 3526 Gro-

154 3562 182 3594 ac
193 3545 323 3611 digniorem
334 3548 450 3598 demereri
460 3564 567 3615 cuperes.
584 3550 651 3597 ωἰωα
700 3544 783 3595 norim
795 3546 874 3596 locum
887 3547 959 3612 cepit.
970 3546 1013 3611 qui
1026 3546 1087 3597 illud
1100 3552 1199 3600 vidend·

154 3638 236 3669 corona
246 3621 318 3670 etiam
330 3621 372 3671 lib.
382 3622 409 3671 ii.
420 3621 474 3671 Art.
483 3624 541 3672 ⁴269.
699 3618 808 3684 sequenti
822 3635 890 3669 versu
907 3620 1073 3686 interpretatur
1087 3636 1130 3685 pro
1144 3638 1199 3687 pm.

186 3694 243 3741 584.
258 3695 328 3743 Verba
338 3697 530 3759 moduloque]
544 3696 651 3745 Proxima
702 3693 966 3744 videndeetcurundu·
999 3695 1090 3743 Burri.

155 3767 221 3813 rerba
229 3766 362 3818 Palatinus.
379 3769 455 3818 male:
473 3779 509 3818 est
517 3769 580 3818 idem
588 3769 652 3834 quod
734 3770 792 3818 592.
810 3767 899 3817 Faciles
914 3771 945 3817 ud
951 3768 1011 3832 seru
1025 3769 1084 3817 bella
1094 3770 1195 3834 manu]

155 3838 652 3908 Terentiuslleaut.iv.vi.22.etAdelpb.
702 3840 803 3907 Regius,
818 3850 842 3890 et
860 3857 902 3890 sex
919 3840 1035 3906 olii.fera
1053 3844 1129 3891 uerbu-
1153 3842 1198 3894 boe

155 3929 180 3961 v.
196 3913 232 3969 ix.
249 3914 291 3962 37.
307 3912 368 3963 dixit
385 3917 535 3964 manare
552 3919 578 3964 in
596 3918 652 3972 loco,
703 3914 1004 3972 est,mauuscaveteinter
1011 3913 1199 3979 jurgiauimium

155 4001 201 4034 uon
216 3985 387 4044 contradicere,
399 4004 443 4037 uec
461 3988 578 4038 adversari
586 4007 594 4049 3
609 3988 652 4039 sed
702 3995 798 4052 paratas
808 3996 832 4035 et
841 3997 1070 4052 promtus,perquas
1079 3987 1109 4035 ed
1118 3989 1201 4039 verbe·

155 4060 268 4109 assentari
284 4069 309 4110 et
326 4060 377 4125 ejus
392 4061 514 4112 sententie
531 4061 652 4111 accedere.
703 4059 842 4109 ruererbis
852 4059 970 4110 venietur.
1002 4059 1092 4111 Herus.
1200 4122 1203 4127 θ

157 4132 245 4182 Brun.
