2896 4980
208 312 274 378 281
499 308 539 375 Ρ.
563 309 724 376 OVIDIl
748 308 961 377 NASONIS

211 484 388 581 Cumque
404 484 486 558 dies
503 484 600 557 caris
618 494 749 581 optata
764 484 983 582 parentibus
1000 483 1128 572 instat,

262 597 492 672 Immodicus
509 598 649 698 pariter
665 599 832 696 corporis
849 599 960 673 urdor
976 599 1097 675 inest:

212 712 263 787 Et
280 714 371 787 mihi
387 712 552 811 conjugii
570 724 722 811 tempus
739 713 901 787 crudelis
919 715 968 787 ad
986 715 1112 813 ipsum
1198 718 1241 789 tt

260 828 503 926 Persephone
521 839 668 901 nostras
686 829 812 927 puisat
828 829 965 903 acerbe
980 829 1093 904 sores.

206 943 294 1019 Jam
314 946 453 1043 pudet:
481 954 521 1017 et
542 943 671 1029 timeo,
690 942 862 1040 quamvis
880 943 972 1017 mihi
995 945 1150 1019 conscio
1175 968 1243 1019 nou

258 1060 434 1134 Offensos
451 1059 578 1132 videar
596 1084 643 1133 ne
661 1060 844 1133 meruisse
863 1060 979 1134 Deos.
1148 1060 1241 1156 [sim,

206 1175 392 1250 Accidere
408 1175 480 1247 hoc
499 1174 635 1271 uliquis
652 1198 745 1248 casu
763 1176 980 1250 contendit:
1009 1186 1050 1250 et
1065 1176 1159 1250 ulter

255 1290 467 1389 Acceptum
487 1291 643 1387 Superis
660 1291 761 1364 hunc
774 1302 888 1387 negat
904 1314 990 1365 esse
1006 1290 1139 1363 virum.
1197 1294 1240 1363 50

207 1406 313 1483 Neve
331 1407 423 1480 nihil
441 1408 573 1480 credas
591 1408 685 1480 inte
703 1430 856 1505 quoque
874 1406 1001 1481 dicere
1017 1405 1169 1492 sumum,
1298 1404 1301 1409 ’

255 1525 372 1599 Facta
387 1523 576 1597 veneficiis
594 1547 681 1622 pars
700 1534 809 1621 putot
820 1523 893 1596 ista
909 1522 997 1596 tuis.

205 1642 353 1715 Caussa
365 1639 475 1714 latet:
496 1639 596 1713 mala
608 1650 736 1711 nostra
749 1649 892 1736 patent.
908 1632 1238 1735 vospaoemovetis

253 1753 401 1852 Aspera
417 1753 592 1828 submoti
609 1753 760 1851 proelia:
789 1754 935 1850 plector
952 1775 1037 1848 ego.

205 1870 339 1944 Dicam
358 1893 470 1955 nunc,
490 1869 677 1965 solitoque
694 1868 763 1940 tibi
780 1891 842 1941 me
858 1867 992 1964 decipe
1009 1888 1136 1941 more:
1194 1866 1236 1938 55

254 1983 356 2068 Quid
373 1983 489 2057 facies
508 1984 606 2070 odio,
627 1984 681 2056 sic
699 1984 764 2058 ubi
783 2008 908 2058 amore
925 1982 1067 2056 noces?

204 2100 246 2172 Si
263 2099 381 2184 laedis,
401 2097 505 2195 quod
524 2121 640 2183 umus,
660 2099 806 2172 hostem
824 2098 1013 2197 sapienter
1030 2095 1185 2170 amabis.

252 2213 331 2302 Me,
351 2237 495 2313 precor,
515 2223 557 2287 ut
575 2236 713 2302 serves,
732 2214 891 2313 perdere
908 2212 1004 2287 velle
1022 2210 1130 2287 velis.

231 2434 272 2483 46.
289 2431 694 2497 Etmihicorpiugiitrmpuucruds-
745 2432 788 2482 illa
808 2430 908 2482 formula
927 2429 1038 2481 occurrit.
1064 2428 1101 2479 sie
1127 2424 1235 2487 cumd-

198 2510 235 2564 lis,
244 2508 303 2571 dre]
323 2505 389 2554 Ordo
407 2512 458 2554 est:
476 2506 508 2553 Et
523 2504 626 2554 crudelis
636 2506 694 2554 Per·
745 2505 857 2554 Deciani.
872 2506 930 2555 ³29.
950 2505 1033 2552 Dirum
1048 2520 1112 2552 nuso
1125 2518 1178 2568 03⁰3
1194 2498 1235 2555 αὖ

196 2580 301 2647 sephoue
322 2579 353 2629 ud
372 2580 450 2645 ipsum
471 2588 565 2644 tempus
591 2580 695 2645 conjugii
743 2579 1235 2643 puimmritaliquusiuiurismm·

197 2654 448 2720 pulsatmihinostras
460 2653 520 2702 sores
531 2655 694 2719 ucerbs:pro‚
745 2653 817 2701 Decl.
830 2653 888 2700 338.
917 2650 1235 2715 Dumnumegortta,qu

196 2728 249 2793 ipsa
265 2744 327 2776 mors
343 2726 367 2775 iu
385 2726 483 2782 foribus,
501 2726 551 2774 sive
571 2726 596 2775 in
614 2726 695 2775 limine
745 2727 829 2773 leviora
837 2735 901 2773 sunt.
912 2733 937 2773 et
947 2723 1044 2789 possim.
1078 2723 1168 2771 Burri.

196 2799 694 2864 tuncmaximeestquoudonuptiurcele-
776 2801 820 2848 58.
838 2799 878 2847 Me
894 2815 974 2863 prem
992 2807 1021 2846 ut
1042 2813 1130 2847 mou:
1149 2796 1236 2861 perdet

195 2875 264 2923 brare
274 2875 361 2923 debeo.
378 2875 522 2922 Mrcrrurs.
544 2873 695 2923 lmitutioest
744 2874 810 2928 seue,
826 2872 900 2935 solis]
924 2871 977 2920 Hoc
994 2879 1041 2927 est,
1058 2868 1157 2935 quando
1172 2880 1235 2917 rm

197 2947 329 2996 Horatiana
339 2946 357 2995 i.
369 2946 417 2995 Od.
425 2947 450 2995 4.
744 2945 782 3002 iis,
793 2962 851 3010 quos
862 2960 935 3002 ornas,
945 2944 1100 3009 diversosque
1110 2942 1235 2993 effecturi

229 3022 325 3069 Pallida
340 3037 398 3068 mors
414 3036 475 3083 aprio
485 3022 562 3083 puisat
572 3023 628 3082 pedo
637 3038 693 3083 puu-
743 3020 843 3069 effectus
854 3020 936 3077 habes,
944 3035 1025 3083 queso
1034 3027 1063 3068 ut
1072 3034 1112 3067 me
1120 3016 1206 3073 oderis,
1214 3021 1235 3064 st

259 3110 339 3155 perum
350 3096 463 3142 sudemus.
744 3093 843 3157 perdere
865 3092 962 3156 cupias:
988 3099 1013 3140 et
1032 3108 1076 3156 per
1097 3102 1236 3155 osusque!

228 3170 271 3216 65.
289 3167 373 3213 Dirum
392 3184 463 3222 nuuc,
479 3168 586 3229 solitoque
603 3171 645 3216 uti
666 3186 695 3217 ss
744 3166 858 3215 servabis.
883 3167 1029 3214 Mrcrutus.
1070 3166 1150 3214 Iocus
1167 3160 1234 3213 mli·

196 3239 374 3300 despumare]
387 3240 487 3300 Diejom
498 3257 560 3286 nrrnc
571 3241 694 3306 Crispinus
744 3240 802 3288 teste
823 3247 956 3303 corruptus.
990 3239 1025 3288 Τὸ
1043 3240 1102 3287 stite
1121 3248 1236 3303 perpetu

195 3311 336 3374 corrigebat,
356 3312 419 3375 quod
440 3313 461 3358 si
481 3311 637 3369 admittimus,
659 3314 694 3363 itu
743 3330 772 3361 ex
784 3316 838 3362 telis
850 3311 955 3376 proxime
968 3310 1237 3375 sequeutiinculew.

196 3383 390 3447 distinguendum
401 3394 477 3432 esset:
743 3402 797 3434 cum
808 3385 903 3434 ultimus
919 3384 980 3432 dues
994 3383 1100 3449 syllabus
1113 3383 1139 3432 in
1149 3384 1235 3446 parda·

230 3458 276 3505 Dio
284 3460 346 3518 jam,
358 3456 433 3519 (nuno
442 3459 548 3520 solitoque
560 3459 600 3504 ribi
611 3462 691 3507 mede-
743 3460 851 3509 librarius
861 3457 982 3522 geminare
995 3456 1157 3521 neglexisset:

293 3533 342 3590 cipe
352 3528 423 3591 more)
776 3534 824 3589 Me,
834 3549 912 3595 precor
918 3549 928 3590 ,·
939 3541 966 3579 ut
976 3548 1056 3588 moos,
1064 3532 1234 3593 perdum

263 3604 326 3658 Quid
337 3602 417 3666 sacius
435 3605 495 3657 odio,
514 3606 601 3651 sicubi
619 3622 693 3655 umore
807 3609 869 3654 tutis·

293 3679 371 3726 noces?
742 3678 891 3727 Christianus
907 3676 1025 3727 Daumius
1038 3677 1181 3743 opinabatur
1188 3672 1239 3723 uis·-

195 3754 243 3806 Sed
253 3755 338 3803 Douza
348 3752 439 3800 notovit
447 3750 582 3800 Petrouirun
593 3750 627 3800 sic
634 3767 691 3815 quo·
742 3761 792 3800 tum
809 3754 940 3815 vulgatum,
952 3762 979 3801 ut
995 3762 1065 3816 negot
1081 3766 1166 3817 segon
1175 3744 1232 3814 epti

195 3846 243 3897 que
259 3826 354 3877 initium
365 3825 488 3874 sententio
500 3832 524 3873 et
534 3823 624 3889 periodi
634 3840 689 3874 eus·
740 3825 871 3874 Catullum.
888 3826 976 3875 Herus.
1002 3825 1086 3873 Posset
1095 3818 1232 3887 vulgante

195 3905 299 3972 picatum
316 3916 367 3950 esse
383 3916 437 3964 cup.
453 3900 509 3947 1⁶29.
528 3900 626 3956 Dirum
644 3900 691 3956 vel,
741 3898 805 3947 feudi
816 3915 846 3947 ex
857 3898 915 3955 inis,
926 3899 951 3947 iu
961 3899 1044 3947 Amor.
1053 3899 1098 3948 lib.
1109 3896 1145 3946 iii.
1153 3896 1187 3945 xi.
1196 3893 1232 3943 60.

196 3982 295 4028 amabo
306 3978 346 4024 tibi
355 3976 486 4022 Adoiescerrs
494 3974 619 4035 paralysim
630 3989 691 4020 curu.
775 3972 814 4020 Me
825 3989 910 4034 quoque
929 3974 984 4021 ruite
1001 3975 1064 4029 tulis,
1080 3987 1141 4021 asu
1149 3976 1232 4019 onom

194 4064 220 4105 et
229 4054 254 4103 iu
265 4048 492 4103 Declamationibus,
503 4062 562 4111 quus
573 4061 618 4093 non
630 4044 691 4093 male
805 4063 885 4094 ornem.

195 4132 232 4180 hus
254 4126 343 4179 ultimae
366 4124 477 4188 Epistola*
496 4122 607 4171 referunt,
628 4136 690 4183 sepe
740 4120 787 4168 Sed
798 4120 830 4167 ibi
847 4136 928 4169 sensus
940 4130 975 4169 est
993 4119 1149 4171 manifestior.
1164 4115 1197 4169 tit
1210 4122 1233 4163 ά
