2896 4980
414 318 557 386 altuls
581 315 848 384 auduom
869 316 962 383 us.
986 318 1014 382 1.
1171 319 1235 382 tao

144 576 147 593 Ι
197 487 370 579 Romule,
387 491 570 566 militibus
587 491 692 566 scisti
708 489 799 566 dare
815 491 1013 565 commoda
1030 492 1145 566 solus.

144 608 146 631 '
244 604 338 679 Haec
353 607 444 681 mihi
462 608 494 681 si
507 607 659 682 dederis
674 607 885 694 commoda,
903 606 1011 681 miles
1028 610 1106 681 ero.

143 770 147 823 ἒ
197 718 351 796 Scilicet
367 744 417 796 ex
434 723 497 797 illo
514 723 710 798 sollemnia
726 745 829 798 more
846 723 993 798 theatra

146 834 149 843 '
245 835 358 910 Nunc
376 840 529 935 quoque
546 838 717 913 formosis
735 837 916 912 insidiosa
930 848 1096 913 manent.

198 952 277 1028 Nec
294 963 334 1029 te
351 955 533 1030 nobilium
549 955 669 1054 fugiat
685 965 877 1031 certamen
894 977 1093 1052 equorum:
1168 954 1237 1024 135

245 1068 371 1144 Multa
386 1094 510 1170 capax
527 1071 657 1171 populi
675 1071 874 1146 commoda
892 1070 1025 1144 Circus
1042 1069 1171 1143 habet.

166 1264 170 1268 ,
199 1183 261 1258 Nil
278 1209 376 1283 opus
392 1198 453 1261 est
467 1187 609 1285 digitis,
628 1211 697 1286 per
714 1210 811 1284 quos
828 1209 968 1263 arcana
983 1183 1169 1284 loquaris:

246 1298 330 1374 Nec
347 1301 416 1375 tibi
433 1326 503 1399 per
519 1311 632 1376 nutus
649 1301 871 1400 accipienda
886 1312 976 1375 nota
991 1310 1064 1375 est.

199 1414 398 1491 Proximus
415 1441 438 1491 a
454 1417 622 1504 domind,
640 1418 744 1492 nullo
760 1418 996 1516 prohibente,
1014 1415 1162 1491 sedebo:

246 1529 373 1628 lunge
390 1543 497 1607 tuum
515 1534 635 1620 lateri,
651 1553 766 1631 quam
783 1544 905 1632 potes,
924 1555 1047 1630 usque
1063 1531 1183 1606 latus:

200 1643 249 1718 Et
265 1648 376 1733 bene,
394 1649 497 1745 quod
514 1649 628 1746 cogit,
647 1649 679 1722 si
697 1650 803 1736 nolit,
820 1649 922 1723 linea
934 1648 1065 1746 jungi3
1171 1650 1237 1718 141

249 1760 361 1846 Quod
379 1763 448 1837 tibi
466 1764 657 1862 tangenda
672 1776 732 1840 est
748 1765 832 1861 lege
849 1764 978 1863 puella
993 1763 1078 1836 loci.

203 1875 273 1951 llic
290 1879 359 1952 tibi
378 1891 568 1976 queratur
583 1880 674 1954 socii
693 1879 875 1955 sermonis
889 1879 1010 1977 origo:
1150 1966 1153 1971 ‚

251 1991 302 2066 Et
318 2006 493 2069 moveant
506 1995 645 2094 primos
663 1996 816 2094 publica
826 1994 943 2070 verba
958 2015 1082 2067 sonos.
1102 2018 1104 2023 ·

203 2106 323 2205 Cujus
338 2110 426 2206 equi
440 2111 603 2197 veniant,
621 2111 747 2199 facito,
762 2112 942 2197 studiose,
959 2108 1141 2207 requiras.
1174 2109 1243 2178 145

252 2222 288 2295 N
291 2247 335 2296 ec
353 2247 474 2313 mora;
503 2225 677 2323 quisquis
694 2227 777 2314 erit,
796 2228 865 2301 cui·
876 2225 1069 2310 favorino,
1088 2223 1182 2297 fave.

204 2334 255 2410 At
270 2362 357 2411 cum
374 2362 517 2438 pompa
531 2340 709 2438 frequens
727 2341 945 2415 coelestibus
964 2339 1033 2412 ibit
1050 2337 1214 2418 eburnis,

251 2451 310 2526 Tu
327 2452 465 2529 Veneri
483 2455 644 2529 dominae
662 2456 800 2554 plaude
817 2455 965 2530 favente
982 2475 1108 2527 manu.

207 2565 333 2665 thue
351 2569 405 2655 fit,
425 2571 462 2642 in
480 2572 662 2666 gremium
680 2571 801 2668 pulvis
819 2571 851 2643 si
869 2569 962 2643 forte
981 2568 1114 2667 puellae

254 2684 459 2773 Deciderit,
477 2686 605 2785 digitis
623 2687 874 2762 excutiendus
893 2685 974 2758 erit.
1116 2686 1121 2690 “
1176 2686 1246 2755 150

237 2884 293 2934 131.
311 2885 375 2935 Dure
384 2887 515 2950 omme]
530 2887 631 2936 Munera
637 2887 697 2936 mul·
749 2896 828 2937 autem
838 2902 937 2949 querere
950 2900 1078 2939 amonem,
1088 2882 1119 2930 de
1135 2879 1193 2937 illis,
1205 2880 1246 2944 qui

204 2957 461 3026 tietiamexoptirnix.
479 2962 640 3024 stimma.
656 2961 699 3011 sed
748 2958 896 3010 occuionem
918 2955 1068 3022 colloquendi
1088 2962 1195 3020 captant,
1221 2961 1247 3003 ut

204 3031 301 3091 frustm
311 3033 405 3099 proprie
412 3033 572 3084 inremilitari
579 3037 698 3090 commeta.
748 3034 844 3084 Terent.
855 3032 965 3082 Drnuch.
974 3032 1030 3081 Act.
1041 3030 1075 3079 iii.
1085 3029 1125 3078 Sc.
1137 3030 1164 3078 3.
1175 3044 1246 3093 quem

203 3120 258 3169 qum
267 3121 338 3172 supra
346 3106 491 3172 stipendium
508 3106 624 3157 militibus
634 3122 699 3157 eme·
749 3110 879 3158 uranum
896 3123 1017 3155 mmmm
1037 3111 1106 3152 vocat
1123 3102 1248 3152 Petronius

203 3176 254 3230 sitis
265 3179 446 3246 adjiciebantur,
457 3191 484 3231 ut
495 3197 559 3248 smpe
575 3181 700 3232 Suetonius
749 3198 804 3248 cap.
823 3180 919 3231 cxxxix.
939 3180 995 3230 vide
1015 3179 1046 3229 ad
1066 3176 1175 3243 ejusdem
1193 3192 1247 3242 cup.

204 3253 288 3303 etalii.
321 3254 412 3303 Buarr.
749 3255 838 3307 xxxvii.
871 3256 959 3304 Buux.

238 3328 292 3376 141.
309 3327 490 3393 managu]
509 3328 655 3379 Per‘lineam
664 3328 700 3378 lu·
786 3330 840 3378 144.
862 3328 961 3377 Publica
978 3325 1069 3390 urm]
1087 3325 1143 3376 vid.
1160 3325 1193 3375 ad
1212 3324 1247 3374 iii.

203 3399 309 3449 nioulum
326 3408 368 3450 aut
382 3400 460 3453 simile
477 3402 568 3468 aliquid
585 3401 700 3468 intelligo,
751 3402 807 3452 Am.
817 3403 858 3451 vii.
869 3403 907 3451 12.

204 3488 253 3538 quo
266 3471 351 3523 sedilia
368 3473 417 3525 alia
432 3475 464 3525 ab
478 3476 533 3527 aliis
548 3477 574 3526 in
588 3477 652 3527 circo
664 3477 701 3526 di·
787 3479 841 3527 146.
857 3475 981 3539 Stadium]
998 3476 1123 3542 Tanquam
1140 3474 1196 3525 buis
1211 3474 1251 3522 vel·

203 3545 290 3597 ttincta
299 3547 373 3598 luere.
392 3565 439 3599 uon
448 3550 547 3600 sedendi
558 3552 655 3615 longum
663 3566 699 3599 or·
752 3552 788 3602 illi
798 3552 894 3602 tacuoui
905 3551 994 3602 iuvem.
1011 3550 1061 3600 vid.
1075 3550 1107 3600 ad
1122 3549 1156 3598 iii.
1167 3547 1248 3596 Amor.

204 3619 293 3679 dinem,
310 3631 337 3670 ut
347 3621 534 3674 Commentator.
549 3624 592 3674 sed
609 3623 640 3674 de
657 3624 702 3673 hac
753 3628 779 3676 2.

205 3709 229 3744 re
244 3697 317 3745 eliam
334 3694 360 3744 in
377 3695 444 3745 libris
459 3696 575 3747 Amorum
590 3697 703 3747 tractavi·
787 3702 842 3750 147.
858 3703 948 3750 Attum
957 3696 1249 3762 pompuftsqtoemcsrmu·

205 3783 266 3818 urus.
300 3770 397 3820 Mrcrr..
753 3777 864 3824 muttit
878 3773 987 3836 ephebia]
1007 3771 1070 3820 Vide
1082 3770 1112 3820 de
1129 3769 1173 3816 hac
1184 3767 1249 3815 Deo·

240 3844 296 3892 14³.
314 3845 412 3894 Hictili
428 3845 563 3908 querutum]
583 3845 645 3894 Hinc
657 3846 702 3893 Pa·
752 3865 805 3898 rum
825 3862 972 3915 pompaper
991 3842 1160 3894 circumferri
1179 3839 1250 3890 sulita

205 3915 301 3967 latinus.
317 3934 365 3967 non
380 3919 454 3968 male:
473 3922 503 3968 ab
521 3920 572 3985 ipsa
590 3919 632 3969 illa
649 3919 703 3985 lege
752 3912 1249 3988 ipsumOvidiumcopioscagentemAmor.

206 3989 261 4048 loci,
279 4008 333 4056 qun
352 3993 416 4056 cogit
431 4001 455 4042 te
474 4005 571 4058 tangere
590 3993 703 4059 puellum,
752 3994 795 4044 lib.
804 3995 839 4042 iii.
849 3992 933 4056 Elegia
947 3990 974 4039 ii.
991 3988 1150 4055 quibmtotus
1165 3987 1205 4036 hic
1216 3987 1249 4035 lo·

205 4064 291 4115 oriatur
302 4083 450 4131 serm03quo
460 4074 703 4133 ucumstepromere
753 4084 795 4115 cus
806 4065 1012 4115 mircillustrttur.
1045 4063 1135 4111 Hune.

207 4137 277 4188 nimis
303 4149 402 4206 sngmte
425 4141 556 4191 sudantem.
585 4141 704 4204 eleganter
788 4141 841 4189 150.
864 4139 1021 4188 Ermtiendus
1038 4136 1103 4199 erit]
1129 4136 1183 4185 Hoc
1200 4134 1251 4182 offi·

854 4219 929 4282 Ggs
