2896 4980
199 374 265 443 ln
489 364 529 439 Ρ.
552 370 713 439 ovmtl
737 370 956 439 NASONIS·

202 549 314 633 Quod
327 573 460 625 monus
478 547 654 625 extimuit
664 546 797 643 jugulo
814 545 1012 623 demittere
1028 542 1179 631 serrum,
1214 548 1236 619 b

253 665 346 738 Sum
364 689 446 752 ree;
476 664 658 749 laudarer,
678 662 710 735 si
727 663 851 737 scelus
870 686 962 737 ause
978 659 1109 735 forem.
1170 728 1173 733 .

202 779 298 855 Esse
315 805 416 855 ream
429 792 593 879 prestat,
613 803 728 876 quam
746 779 800 853 sic
818 778 1006 876 placuisse
1023 776 1181 875 parenti.

252 896 288 968 N
290 922 339 970 on
355 898 461 997 piget
478 897 661 969 immunes
679 894 794 968 caedis
813 895 951 968 habere
969 917 1115 967 manus.

202 1011 268 1087 Me
286 1026 392 1111 peter
409 1015 495 1111 igue
513 1013 613 1099 licet,
634 1036 748 1109 quem
766 1036 840 1085 non
858 1011 1088 1095 violavimus,
1106 1018 1203 1095 uret;

251 1128 423 1228 Quaeque
441 1132 597 1205 aderaut
613 1130 741 1216 sacriS,
761 1130 893 1203 tendat
909 1131 947 1203 in
965 1152 1030 1203 ora
1047 1127 1170 1201 iaceo:
1193 1130 1234 1197 10

200 1244 281 1319 Aut
299 1247 363 1319 illo
376 1247 537 1344 jugulet,
557 1271 670 1344 quem
688 1270 762 1319 non
780 1247 877 1319 bene
894 1245 1059 1330 tradidit,
1078 1266 1188 1330 ense3

251 1361 306 1434 Ut
323 1387 399 1460 qua
415 1388 490 1436 non
507 1363 645 1437 cecidit
661 1362 715 1434 vit
732 1386 837 1448 nece,
856 1372 975 1459 nupta
991 1360 1143 1434 cadam:

201 1477 237 1550 N
240 1462 288 1551 on
306 1489 444 1565 tamen,
464 1490 505 1552 ut
522 1480 650 1552 dicant
667 1479 873 1564 morientia,
894 1478 1070 1563 Poenitet,
1089 1499 1164 1561 ora,

251 1593 419 1681 Efficiet3
448 1620 523 1668 nou
542 1620 594 1681 es,
615 1619 729 1692 quam
748 1595 852 1692 piget
869 1617 953 1666 esse
970 1593 1085 1691 piam.

200 1709 389 1784 Poeniteat
406 1713 558 1785 sceleris
578 1713 764 1797 Danaum,
783 1735 977 1809 saevasque
995 1731 1152 1783 sorores.
1192 1707 1232 1779 15

251 1824 325 1899 Hic
343 1827 439 1900 solet
455 1840 610 1901 eventus
627 1828 728 1901 facta
743 1826 905 1900 nefanda
918 1825 1039 1922 sequi.

201 1942 278 2015 Cor
296 1953 407 2039 pavet
424 1944 615 2016 admonitu
633 1953 823 2017 temeratae
846 1942 1028 2037 sanguine
1045 1938 1186 2026 noctis3

251 2056 302 2131 Et
320 2059 465 2131 subitus
483 2060 625 2133 dextrae
644 2059 826 2157 praepedit
843 2081 928 2132 orsu
944 2067 1095 2129 tremor.

202 2172 324 2256 Quam
343 2183 383 2246 tu
401 2174 505 2247 caede
523 2186 632 2272 putes
650 2174 753 2271 sungi
771 2174 938 2272 potuisse
957 2171 1091 2257 mariti,

251 2289 425 2365 Scribere
443 2290 491 2363 de
509 2289 609 2366 sacta
625 2316 698 2364 non
717 2291 788 2363 sibi
806 2291 909 2364 caede
928 2289 1047 2363 timet.
1188 2288 1233 2359 20

199 2649 231 2697 Et
255 2648 304 2698 elie
329 2649 435 2715 ejusdem
460 2658 532 2698 note.
560 2649 696 2715 dequibus
744 2646 1237 2715 quianuptejubebaturignemeteqm

198 2724 270 2788 paulo
280 2733 333 2789 post
342 2725 410 2789 plura
417 2723 536 2773 dicentur.
553 2733 578 2774 et
588 2725 618 2775 td
627 2726 695 2789 Eleg.
745 2733 850 2787 tangere,
862 2733 922 2771 teste
934 2721 1061 2771 Plutarcho
1071 2720 1097 2768 in
1105 2718 1237 2769 Proben-

197 2799 228 2847 de
239 2800 319 2847 Nuce.
330 2817 355 2847 v.
368 2800 422 2847 107.
454 2799 545 2848 Herse.
745 2797 909 2852 montanis,
919 2797 969 2862 ipro
979 2794 1055 2845 initio.
1088 2794 1161 2844 Cror.

230 2876 255 2922 5.
274 2873 398 2921 Demittere
411 2873 527 2938 serrum]
553 2873 638 2939 Scripti
658 2877 694 2922 di·
781 2874 819 2920 14.
839 2871 891 2919 ll'on
906 2888 1013 2933 mquam
1023 2872 1087 2934 piget
1101 2864 1235 2931 caepim]

198 2948 294 2995 mittere.
311 2947 443 2996 Hmsercs.
476 2948 523 2995 Sed
539 2964 592 2997 mee
600 2957 695 2996 senten·
745 2945 856 3011 Elliptice
872 2952 897 2993 et
912 2945 1042 3007 eleganter.
1073 2942 1195 2991 sinentur
1208 2938 1238 2990 d

198 3019 231 3067 tie
241 3019 329 3068 rectius
338 3030 374 3068 est
382 3023 498 3071 demittere
507 3039 516 3078 ,·
535 3022 620 3069 sermm
631 3021 694 3069 enim
744 3020 867 3084 Lynceum
881 3020 1009 3067 referetur:
1026 3017 1047 3065 ir
1062 3015 1240 3081 aunem:

198 3093 222 3140 iu
232 3094 342 3158 jugulum
353 3094 507 3149 deecendens,
517 3104 541 3143 et
558 3096 643 3144 vulnus
658 3094 695 3143 in·
744 3093 769 3141 in
780 3093 880 3158 gratiam
891 3110 938 3142 non
948 3109 986 3141 me
994 3092 1076 3157 pigent
1085 3090 1157 3141 tune
1166 3092 1238 3157 piu.

198 3167 276 3215 t‘erens
294 3168 380 3216 rectius
400 3171 497 3223 demitti,
517 3184 589 3232 quom
609 3173 695 3217 dunittr'
744 3168 769 3216 Si
780 3185 834 3217 vcro
851 3168 881 3216 ed
897 3169 1115 3233 Hypermestram,
1125 3165 1201 3232 ipsun
1214 3178 1238 3215 tt

198 3239 291 3287 dicitur.
308 3241 368 3288 sier
382 3242 491 3289 manibus
506 3244 646 3297 mitteretur,
658 3245 694 3290 di·
744 3243 921 3307 alloquentem:
944 3242 995 3290 Non
1013 3258 1035 3289 et
1050 3259 1085 3296 en,
1099 3257 1175 3303 quon,
1191 3239 1236 3288 &a

199 3316 259 3361 mitti
269 3314 395 3362 dicendum
406 3315 481 3371 loret;
495 3316 579 3364 eadem
590 3333 645 3365 veru
653 3334 694 3366 re·
744 3316 791 3363 Sed
802 3316 947 3364 ambitiosius
957 3314 1035 3371 credo,
1046 3329 1118 3378 quum
1128 3313 1193 3379 quod
1203 3310 1239 3361 tli·

198 3386 269 3434 rietes
279 3386 303 3433 in
314 3387 423 3435 omnibus
433 3388 480 3435 iere
491 3389 550 3437 locis
560 3391 694 3447 Poetarum,
744 3400 837 3439 centem
847 3391 941 3439 deceat.
975 3389 1063 3437 Atreu.

199 3460 240 3509 ubi
251 3461 302 3510 brec
318 3460 406 3509 locutio
415 3462 524 3519 occurrit,
535 3463 693 3528 deprehendi·
779 3467 817 3513 tt.
837 3466 950 3525 l’repedit
967 3482 1016 3513 osto
1031 3461 1136 3525 tremum]
1154 3460 1180 3509 Si
1193 3474 1238 3509 eu

199 3543 246 3583 tur.
264 3533 471 3584 vidiuntemm.
486 3538 541 3586 119.
574 3539 664 3586 Brun.
744 3538 901 3595 retinendum,
913 3536 1070 3601 intelligendu
1079 3532 1237 3599 cerredigite·

231 3608 255 3656 7.
273 3608 326 3656 Eue
335 3625 396 3657 reum
404 3610 520 3672 prostat]
538 3611 574 3658 Ex
586 3611 695 3677 AEccbyli
744 3629 796 3660 mm
811 3630 862 3661 ossa
879 3623 903 3661 et
916 3613 1017 3667 articuli,
1028 3610 1113 3676 quibus
1122 3608 1237 3661 celum

196 3683 300 3730 Promet.
311 3682 369 3730 out.
388 3681 565 3731 mlumbratum:
745 3690 856 3745 tenebat3
872 3687 913 3734 sed
925 3703 955 3734 au
967 3696 1030 3735 recte
1042 3685 1085 3733 hoc
1096 3684 1187 3732 dicetur
1195 3680 1237 3730 du·

229 3759 372 3807 -Δυοῖν
383 3755 407 3804 δὲ
419 3756 524 3820 Θάτιρον
533 3757 686 3819 βουλήσεται
744 3760 808 3821 bit0;
825 3771 849 3809 et
866 3760 951 3810 melius
965 3769 1023 3825 puto
1038 3776 1088 3807 orm
1107 3761 1197 3811 dextre,
1212 3752 1237 3802 it

230 3830 324 3880 Κλύειν
339 3829 447 3889 duritem
461 3832 571 3895 μᾶλλον,
594 3830 609 3891 ἡ
630 3832 695 3896 μιαί·
744 3845 780 3884 est
791 3836 903 3899 cogitate,
915 3851 978 3883 nunc
992 3833 1117 3881 scribenda
1130 3829 1237 3896 perdex·

260 3914 344 3969 φονος.
575 3907 663 3954 Bume.
745 3917 813 3965 trum,
838 3926 891 3973 qute
919 3909 988 3956 modo
1013 3908 1133 3972 inceperet
1152 3904 1235 3953 elut-

228 3981 254 4027 9.
274 3979 346 4033 Quem
373 3998 417 4027 uorr
445 3979 598 4042 violavimus]
629 3980 694 4043 Ignis
744 3983 899 4031 committere.
918 3990 944 4029 ut
962 3982 987 4029 in
1005 3980 1085 4028 Plauti
1102 3979 1162 4035 luco,
1176 3979 1235 4025 tete

196 4053 258 4102 enim
268 4053 426 4103 adhibebatur
434 4053 464 4103 ed
475 4053 577 4119 nuptias,
586 4068 633 4100 non
641 4062 693 4103 ten-
741 4060 872 4119 prrpedire.
907 4057 964 4103 Orsa
983 4070 1028 4104 vox
1045 4053 1139 4103 l'elerio
1153 4051 1235 4103 nm

196 4137 246 4176 tum
257 4136 351 4193 propter
361 4129 433 4186 luces,
444 4144 497 4194 qun
512 4128 655 4184 terebantur,
667 4138 695 4178 ut
744 4140 768 4180 et
778 4131 831 4179 eliis
842 4129 972 4179 iamilimir.
1006 4130 1096 4177 liunt.

195 4201 267 4250 tradit
280 4202 389 4255 Catullus
405 4202 430 4253 in
446 4202 545 4271 epithal.
559 4203 603 4255 ted
619 4202 692 4255 etiem
