2896 4980
374 306 634 373 HEROIDES.
658 308 729 373 ΕΡ.
755 308 899 378 XVIII.
1092 316 1158 383 243

116 480 227 582 Rupe
247 480 383 556 sedens
398 481 526 580 aliqua
542 492 673 578 specto
692 493 758 557 tua
774 483 883 560 litora
901 488 1035 563 tristis:

163 595 216 671 Et
231 620 310 698 quo
327 620 400 671 non
418 620 571 696 possum
590 620 757 695 corpore,
777 611 903 676 mente
921 602 1029 678 seror.
1105 612 1154 680 30

114 712 274 788 Lumina
290 714 382 811 quin
399 714 513 788 etiam
531 716 680 788 summi
699 715 890 810 vigilantia
905 729 1018 807 turre,

160 829 241 904 Aut
257 830 372 916 videt,
392 841 456 904 aut
474 831 573 904 acies
592 843 720 906 nostra
736 832 862 907 videre
882 846 1001 932 putat.

111 944 185 1021 I'er
201 946 294 1020 milri
311 948 485 1045 deposita
501 948 611 1021 estin
630 949 732 1021 siccd
750 948 865 1022 vestis
883 952 1010 1025 arent.

159 1061 236 1136 Ter
253 1086 365 1160 grave
383 1063 521 1137 tentavi
540 1086 694 1161 carpere
712 1064 835 1137 nudus
853 1064 935 1140 iter.

112 1177 272 1255 Obstitit
289 1180 449 1279 inceptis
466 1180 651 1254 tumidum
665 1180 896 1278 juvenilibus
916 1205 1065 1279 aequor:
1104 1187 1152 1257 35

160 1294 297 1371 Mersit
314 1308 354 1370 et
370 1296 535 1370 adversis
550 1319 616 1369 ora
632 1296 794 1369 natantis
808 1297 930 1394 aquis.

110 1409 163 1486 At
178 1422 220 1485 tu
237 1412 286 1487 de
304 1412 456 1511 rapidis,
475 1410 842 1498 immansuetissime,
859 1413 993 1500 ventis,

161 1524 263 1613 Quid
280 1552 430 1602 mecum
444 1529 549 1601 certd
568 1528 701 1625 proelia
717 1539 844 1602 mente
862 1529 985 1625 geris?

112 1640 157 1716 In
174 1668 248 1731 me,
266 1644 299 1717 si
317 1645 454 1729 nescis,
475 1643 610 1731 Borea,
630 1669 704 1718 non
722 1668 885 1743 aequora,
904 1645 1025 1720 saevis.

160 1758 262 1844 Quid
280 1760 436 1847 iaceres,
455 1772 557 1835 esset
574 1762 611 1835 ni
626 1761 695 1835 tibi
713 1771 824 1835 notus
842 1762 971 1835 amor?
1104 1764 1154 1833 40

110 1872 202 1949 'Iam
236 1877 384 1973 gelidus
417 1901 503 1950 cum
537 1877 601 1963 sis,
629 1901 703 1951 non
735 1888 773 1950 te
805 1887 943 1964 tamen,
971 1876 1153 1974 improbe,

160 1992 318 2091 Ignibus
335 1992 476 2068 Actaeis
495 1994 695 2068 incaluisse
713 2016 841 2090 negas.
946 1993 1154 2091 [quondam

111 2108 262 2185 Gaudia
278 2121 432 2209 rapturo
450 2113 481 2185 si
501 2112 585 2209 quis
603 2110 671 2185 tibi
689 2110 864 2184 claudere
881 2109 995 2183 vellet

159 2224 290 2302 Aerios
308 2228 445 2313 aditus,
465 2252 541 2325 quo
559 2237 729 2325 paterere
747 2224 887 2299 modo?

110 2338 242 2430 Parce,
251 2367 400 2441 precor3
418 2342 643 2441 facilemque
654 2367 761 2417 move
772 2342 999 2416 moderatius
1010 2363 1149 2414 auram.

159 2454 327 2557 Imperet
343 2458 580 2558 Hippotades
599 2461 652 2534 sic
670 2460 739 2534 tibi
756 2461 863 2533 triste
880 2458 984 2531 nihil.
1102 2454 1299 2535 ‘idfm‘m

140 2641 183 2690 33.
199 2641 265 2691 steca
278 2643 371 2708 nrm]
391 2643 513 2693 Barberin.
531 2647 604 2692 rrurb.
655 2643 756 2691 aBorea
764 2660 771 2701 ;
787 2658 815 2691 ex
828 2640 939 2706 Apollod.
949 2639 983 2688 iii.
996 2640 1034 2688 15.
1051 2636 1092 2687 ubi
1103 2637 1152 2686 vid.

107 2722 135 2765 ul
143 2712 244 2765 mrum.
254 2715 287 2766 ir.
299 2718 355 2766 741.
365 2732 395 2767 er
406 2718 477 2766 MSS.
655 2715 752 2780 Heynii‚
762 2716 820 2764 Not.
832 2715 898 2763 Part.
908 2714 933 2762 ii.
943 2730 967 2778 p.
978 2713 1035 2762 33⁴.
1062 2711 1152 2760 Arrun.

139 2789 337 2856 Angurforunqm
348 2793 606 2855 mpnrauduneludur
687 2789 727 2837 42.
743 2791 823 2837 Λατώ
833 2787 944 2853 ignitus]
963 2785 1036 2844 Quin,
1046 2794 1072 2834 ut
1082 2784 1153 2836 modo

171 2880 252 2914 arena.
655 2860 765 2918 diximus,
775 2877 804 2910 ex
815 2861 917 2910 Athenis
927 2860 1037 2924 orithya.
1062 2858 1153 2910 Auru.

105 2934 222 3003 &dquia
231 2937 430 3003 auquubur,
438 2938 559 3004 vulgatam
569 2955 605 2988 re·
687 2935 727 2984 45.
745 2934 811 2982 More
821 2935 974 2982 moderantior
982 2933 1087 2996 aarum]
1101 2933 1152 2981 Mo·

105 3007 228 3060 murm
249 3017 317 3077 puto.
350 3008 464 3077 Virgilius
483 3012 499 3060 i.
518 3012 605 3078 Georg.
655 3011 775 3057 deronrius
801 3007 912 3057 Iatinum
938 3007 978 3057 vix
1006 3016 1051 3056 est.
1078 3023 1152 3073 quum

106 3082 164 3135 m
655 3082 756 3131 emenda
776 3098 830 3132 cum
848 3082 971 3131 Puteaneo
989 3090 1015 3131 et
1029 3097 1070 3131 sex
1087 3082 1150 3140 aliis,

139 3156 172 3207 Et
189 3173 264 3206 mum
284 3162 310 3207 in
328 3161 387 3207 ricco
408 3161 469 3208 aolus
492 3162 605 3221 spatiatur
655 3159 800 3206 moderatius.
818 3156 1070 3207 lib,i.Metam.510.

168 3246 252 3279 orsu.
484 3232 573 3281 Herus.
915 3231 1057 3280 Moderatiur
1065 3248 1105 3280 oro

137 3304 180 3353 w.
190 3302 221 3351 In
228 3320 262 3352 me
270 3305 290 3351 ri
298 3306 376 3359 maris,
385 3303 467 3362 Boreo,
477 3305 535 3368 bre]
548 3306 603 3355 Mu·
689 3305 772 3363 Curre,
774 3305 905 3371 fugamque
913 3307 1002 3354 inhibe:
1016 3308 1153 3355 moderatius

105 3390 175 3435 w,
187 3378 250 3426 ³20:
718 3383 822 3444 insequar
833 3382 886 3443 ipse.

138 3447 434 3515 Πολλάειμὲνλιτὰνενσε
446 3452 605 3513 dulcoratur
656 3453 703 3502 Ubi
721 3454 773 3519 puri
792 3454 860 3503 modo
877 3452 1030 3520 peccabatur.
1047 3455 1151 3506 oratiam

168 3520 327 3588 ’uapottrnr
655 3526 720 3576 alibi.
737 3529 828 3577 Herus.

139 3597 252 3651 minda
269 3597 288 3647 δ’
306 3599 386 3649 αὑτὸν
402 3599 500 3650 ἄνακτα
519 3606 603 3651 Ποσει·
688 3603 728 3651 46.
757 3601 917 3665 Hippotades]
947 3598 1049 3658 Quando
1082 3602 1152 3650 iuter-

170 3669 257 3723 tuum
266 3671 404 3733 θαλάσσης·
656 3686 734 3742 pretes
742 3676 832 3725 variant
841 3675 871 3724 de
880 3675 960 3731 AEolo,
968 3684 992 3723 et
999 3674 1153 3739 ejusgenere,

136 3743 247 3805 Ἀτθίδος
257 3746 287 3795 οὐ
298 3744 392 3812 Βορέην
402 3746 536 3812 ἀμνήμονα
547 3749 605 3798 κάλ·
656 3751 725 3801 libuit
742 3751 852 3817 adjicere,
864 3765 917 3814 que
934 3749 960 3797 in
972 3746 1073 3796 Scholiis
1083 3748 1151 3796 Gre-

167 3821 225 3870 λιπε
236 3819 344 3886 νύμφης.
656 3841 736 3874 corum
757 3825 782 3872 in
799 3841 824 3871 x.
842 3822 931 3886 Odyss.
949 3820 1073 3883 legrmtur:
1091 3819 1151 3876 Ario,

135 3890 321 3954 Ἀλλάοὶοὕης
332 3894 550 3963 ἄρηγεν,Ἐρυςό’
560 3900 602 3947 οὐκ
652 3897 770 3963 inquiunt,
784 3897 878 3951 Aiolou,
888 3894 959 3952 οὗτος
971 3895 1017 3958 μέν
1031 3890 1152 3942 Ἱππόνου

168 3972 253 4035 ἥρωσι
263 3971 360 4038 μαὸμας.
654 3976 697 4022 rod
709 3973 848 4037 Μίμαντος,
860 3968 937 4034 ’ἕτερος
947 3967 1112 4027 dimum
1124 3969 1153 4026 ὃς

108 4042 171 4093 Nota
180 4044 262 4095 fabula
273 4045 389 4110 on‘dyae.
402 4046 511 4095 Erechtei
529 4046 603 4095 Athe·
654 4047 689 4105 ἠν
705 4047 770 4102 Διὸς,
786 4043 815 4094 οὗ
834 4046 876 4093 καὶ
890 4039 1003 4099 Ἠσίοδος
1020 4039 1152 4105 μέμνηται.

108 4132 190 4167 uarum
202 4121 264 4185 figis
279 4118 436 4186 antiquissimi
453 4121 516 4175 filiae,
532 4130 603 4184 raptu
656 4121 759 4169 Priorem
775 4135 831 4182 ergo
848 4116 954 4180 intellige
964 4132 1027 4173 eum,
1038 4115 1069 4163 ad
1080 4132 1151 4180 quem
