2896 4980
169 291 236 358 486
465 288 505 353 Ρ.
530 287 692 353 OVIDll
715 288 929 356 NASONIS

175 464 340 539 Reddite
357 463 590 562 depositum:
618 461 740 560 pietas
757 486 828 536 sua
845 463 986 538 foedem
1002 478 1141 541 servet:

225 581 343 655 Fraus
362 581 478 655 absit:
506 601 644 652 vacuas
659 579 773 651 cedis
791 581 929 654 habete
947 606 1093 656 manus.

174 695 322 783 Ludite,
339 697 373 769 si
391 696 535 794 sapitis,
554 695 654 767 solas
672 693 825 792 impune
843 696 1001 793 puellas.

224 811 308 886 Hac
327 811 450 884 minus
468 821 528 885 est
544 808 619 881 una
635 806 765 881 fraude
779 810 921 883 tuenda
936 810 1043 884 fides.

175 927 308 1002 Fallite
325 928 514 1003 salientes:
544 948 593 999 ex
610 926 749 1021 magna
767 937 874 1023 parte
891 927 1088 1024 profanum
1147 931 1223 1001 645

225 1048 324 1120 Sunt
341 1066 473 1141 genus.
501 1042 539 1115 in
556 1042 726 1138 laqueos,
746 1064 842 1138 quos
860 1065 1033 1139 posuere,
1052 1042 1203 1116 cadant.

175 1160 323 1234 Dicitur
340 1159 526 1257 AEgyptos
544 1157 710 1231 caruisse
720 1156 940 1253 juvantibus
958 1181 1046 1231 arva

224 1277 428 1362 Imbribus
447 1285 562 1372 atque
580 1297 698 1347 annos
716 1271 818 1345 sicca
834 1272 951 1346 fuisse
969 1296 1115 1347 novem.

169 1393 275 1467 Cum
293 1391 473 1465 Thrasius
493 1390 645 1463 Busirin
663 1387 754 1472 adit,
774 1399 1034 1485 monstratque
1052 1390 1145 1488 piari

225 1507 398 1606 Hospitis
416 1505 536 1580 effuso
554 1503 736 1601 sanguine
753 1527 868 1601 posse
884 1503 908 1576 J
911 1527 1032 1578 ovem.
1147 1509 1224 1578 660

174 1622 236 1696 1111
255 1622 414 1708 Busiris
435 1621 521 1693 Fies
538 1619 642 1695 Jovis
661 1621 785 1694 hostia
801 1620 956 1719 primus,

226 1738 368 1836 Inquit,
387 1747 427 1812 et
444 1736 609 1836 AEgypto
628 1746 669 1809 tu
687 1735 795 1809 dabis
813 1736 951 1835 hospes
970 1760 1120 1835 aquam.

176 1853 228 1927 Et
245 1854 416 1928 Phalaris
434 1863 541 1926 tauro
559 1851 712 1924 violenti
730 1852 901 1925 membra
918 1851 1047 1925 Perilli

224 1969 387 2042 Torruit.
415 1968 545 2042 infelix
564 1969 699 2041 imbuit
716 1978 846 2041 auctor
863 1990 971 2065 opus,

169 2082 308 2157 Justus
326 2094 486 2180 uterque
503 2081 585 2156 suit.
614 2107 738 2180 neque
757 2083 856 2156 enim
875 2082 936 2154 lex
956 2082 1099 2178 sequior
1115 2082 1203 2169 ulla,

226 2197 350 2283 Quam
368 2197 471 2270 necis
490 2196 651 2270 artifices
670 2207 749 2270 arte
767 2197 887 2294 perire
906 2198 989 2270 sul.
1148 2201 1222 2271 656

176 2313 290 2410 Ergo,
310 2314 369 2408 (ut
387 2313 555 2411 perjuras
573 2313 707 2385 merito
726 2313 890 2410 perjuria
907 2311 1072 2405 fallunt)

227 2427 415 2526 Exemplo
433 2427 561 2501 doleat
577 2425 715 2499 semina
731 2427 815 2499 lusa
832 2450 912 2498 suo.

177 2542 229 2617 Et
244 2545 408 2617 lacrimae
426 2555 599 2643 prosunt:
629 2544 790 2617 lacrimis
809 2544 1010 2616 adamanta
1026 2544 1207 2616 movebis.

228 2659 303 2732 Fac
322 2660 492 2733 madidas
510 2659 647 2745 videat,
667 2660 699 2731 si
717 2671 837 2758 poteS,
857 2660 920 2732 illa
938 2683 1066 2754 genas.
1150 2663 1226 2732 666

175 2774 220 2847 Si
232 2775 544 2873 lacrimae(neque
555 2776 655 2849 enim
665 2777 820 2848 veniunt
829 2776 866 2847 in
878 2786 1046 2872 tempore
1057 2771 1225 2872 semper)

229 2890 434 2977 Deficient;
464 2891 540 2964 uda
559 2892 700 2965 lumina
716 2902 829 2986 tange
847 2915 972 2963 manu.

209 3147 268 3195 644.
287 3147 339 3195 Hoc
349 3151 423 3195 minus
433 3158 465 3196 est
481 3149 624 3213 nnusroude
633 3167 676 3210 pu·
759 3152 817 3199 647.
837 3152 932 3199 Dicitur
942 3151 1058 3213 AEgyptru
1074 3150 1172 3196 caruisse
1179 3152 1225 3210 ju·

175 3223 253 3268 denda
266 3221 351 3282 fides]
387 3221 450 3268 Mihi
470 3221 585 3285 Naugerii
606 3222 677 3271 lectio
727 3227 833 3273 vantibus
843 3228 920 3279 urielis,
930 3224 991 3285 &c.]
1011 3223 1080 3270 Idem
1091 3222 1164 3270 tradit
1175 3222 1226 3286 llp·

179 3293 679 3360 mugisplacet,lracminusestundsrnude
727 3298 797 3363 ginus
807 3299 831 3346 in
843 3297 929 3346 fabulis
940 3313 993 3361 cap.
1005 3296 1046 3344 lvi.
1080 3296 1152 3344 Cror.

180 3368 340 3429 tuendufider.
358 3375 384 3414 ut
398 3368 428 3415 sn
442 3384 542 3428 sensus;
559 3369 583 3416 in
594 3370 678 3417 ceteris
761 3373 818 3421 650.
836 3373 937 3432 Hopltis
947 3370 1158 3436 effruosanguiue]
1177 3371 1227 3417 Arl-

177 3440 249 3489 rebus
266 3439 337 3487 tidem
352 3441 493 3489 servandam
513 3457 573 3497 esse,
590 3442 632 3490 sed
654 3443 679 3491 iu
720 3446 779 3509 ⁴furo
789 3445 889 3508 Regius,
900 3455 927 3493 ut
945 3444 975 3492 ad
991 3443 1132 3492 uramJovis
1150 3442 1227 3507 respi-

180 3529 259 3563 amore
280 3513 351 3562 licere
373 3515 464 3579 puellas
485 3514 575 3570 fallere,
594 3515 677 3563 eodem
728 3518 785 3566 ciat.
820 3518 908 3565 Herus.

179 3587 258 3645 modo,
270 3597 296 3636 ut
306 3588 372 3651 leges
382 3604 410 3635 ex
428 3596 546 3653 precepto
555 3589 677 3652 Tyranno·
761 3590 819 3639 663.
840 3590 944 3652 Peraia]
965 3589 1083 3637 Perilaum
1093 3594 1162 3636 vocnt
1179 3586 1227 3635 Lu·

180 3677 233 3710 rum
251 3671 277 3711 et
294 3660 395 3710 Caesaris
407 3660 508 3725 jactant,
524 3664 543 3707 ει·
552 3664 677 3723 jrrp'urun-
728 3662 810 3711 cianus
821 3662 845 3710 in
855 3662 951 3711 Phalari
962 3661 1035 3727 primo
1047 3679 1103 3727 pag.
1115 3661 1171 3709 467.
1183 3660 1227 3709 ubi

180 3738 236 3784 dum
255 3747 287 3785 est
302 3738 441 3790 viomadum,
459 3737 526 3800 regni
543 3752 622 3783 cauno
638 3746 678 3791 ert,
729 3745 780 3784 tota
791 3735 895 3784 historia.

181 3814 259 3859 (etms
269 3813 335 3858 robus
344 3811 448 3870 pietatem
459 3811 526 3857 colos.
560 3808 650 3856 Bunrr.
762 3810 819 3856 662.
838 3809 967 3872 Deficiunt,
988 3810 1036 3856 uda
1053 3807 1142 3854 lumina
1160 3817 1230 3871 tange

214 3883 272 3932 645.
291 3883 377 3931 Fallite
380 3883 517 3946 julleium]
537 3882 568 3929 Et
583 3881 679 3946 hicsnl·
729 3883 824 3944 mcum]
844 3883 931 3939 Primo,
954 3883 1067 3945 Deficlcnt
1086 3881 1162 3929 estin
1179 3897 1230 3929 me-

182 3956 241 4004 laces
267 3957 405 4005 Palatinus.
432 3957 475 4005 sed
501 3956 584 4004 eadem
609 3956 678 4012 ratio,
730 3955 839 4014 liuribus;
861 3956 956 4012 deinde,
977 3966 1047 4004 ronta
1068 3973 1138 4002 murm
1158 3954 1229 4018 Regii

182 4046 254 4096 quam
272 4046 325 4078 mox
337 4048 361 4076 v.
379 4031 434 4077 606.
452 4030 476 4079 in
494 4032 604 4079 rudentes
620 4029 680 4077 vidi-
731 4045 784 4078 curn
800 4030 910 4078 Politiani
921 4030 1004 4079 codice
1015 4038 1040 4077 et
1050 4028 1155 4094 quinque
1165 4028 1229 4077 aliis.

183 4120 245 4152 mus.
733 4103 882 4162 Oroniensis,
894 4115 989 4153 cuncta:
1006 4113 1061 4157 tres,
1073 4105 1160 4150 tinctu:
1172 4103 1230 4156 duo,
