2896 4980
476 305 737 375 HEROIDES.
761 306 831 374 BP.
855 306 958 375 xvt.
1172 311 1239 377 215

195 482 435 582 aliquoties,
453 480 616 559 lacrimis
632 479 880 567 venientibus,
899 505 965 557 ora
979 482 1121 572 reflexi,

246 598 308 674 Ne
325 624 497 674 caussam
515 599 626 673 fletds
644 608 828 696 quaereret
845 599 907 673 ille
925 600 1014 673 mei!
1162 605 1238 675 240

194 715 257 791 Ah
273 716 423 815 quoties
436 718 617 814 juvenum
638 713 782 788 narravi
800 723 911 812 potus
929 739 1086 803 amores,

244 830 308 905 Ad
324 832 448 906 vultus
467 831 630 906 referens
649 830 799 926 singula
814 830 929 904 verba
944 832 1049 904 tuos!

197 946 460 1046 Indiciumque
476 950 552 1023 mei
569 949 657 1022 ficto
676 949 746 1021 sub
765 947 914 1021 nomine
931 945 1017 1021 feci.

245 1062 317 1138 Ille
334 1088 418 1161 ego,
432 1065 464 1137 si
481 1065 617 1152 nescis,
636 1089 745 1139 verus
764 1075 906 1138 amator
923 1088 1037 1138 eram.

196 1178 299 1265 Quin
316 1180 442 1268 etiam,
461 1192 504 1254 ut
520 1205 673 1279 possem
690 1180 813 1254 verbis
831 1180 1060 1278 petulantius
1077 1180 1144 1267 uti,
1164 1183 1237 1253 245

248 1294 337 1370 Non
354 1297 471 1372 semel
488 1297 650 1371 ebrietas
668 1308 727 1372 est
744 1297 918 1372 simulata
934 1297 1037 1371 mihi.

197 1409 354 1487 Prodita
370 1422 457 1487 sunt
474 1414 661 1511 (memini)
679 1413 807 1487 tunica
822 1425 889 1487 tua
904 1424 1059 1512 pectora
1075 1412 1175 1499 laxa,

246 1526 375 1626 Atque
393 1530 511 1603 oculis
524 1530 668 1603 aditum
686 1530 788 1602 nuda
804 1529 940 1603 dedere
957 1529 1073 1616 meis;

200 1639 362 1719 Pectora
378 1646 436 1720 vel
454 1647 557 1744 puris
575 1645 735 1732 nivibus,
753 1647 812 1719 vel
830 1646 940 1732 lacte,
959 1659 1140 1743 tuamque

248 1758 460 1859 Complexo
476 1773 634 1837 matrem
647 1762 865 1837 candidiora
881 1761 987 1837 Jove.
1164 1765 1239 1834 250

200 1872 302 1951 Dum
319 1886 455 1975 stupeo
471 1879 573 1965 visis,
593 1881 696 1976 (nam
713 1881 851 1978 poeula
866 1878 961 1954 sorte
977 1878 1171 1973 tenebam)

247 1989 398 2066 Tortilis
416 2017 438 2067 e
455 1994 582 2092 digitis
599 1997 742 2070 excidit
758 2021 852 2071 ansa
868 1998 974 2071 meis.

199 2104 342 2183 Oscula
359 2109 391 2183 si
408 2119 506 2185 natae
523 2112 702 2201 dederas;
731 2137 801 2209 ego
819 2112 987 2210 protinus
1005 2111 1069 2185 illa

247 2220 473 2301 Hermiones
489 2235 619 2301 tenero
635 2228 745 2301 laetus
764 2229 811 2301 ab
829 2251 894 2301 ore
911 2227 992 2301 tuli.

200 2335 251 2411 Et
266 2342 380 2415 modo
393 2345 591 2418 cantabam
604 2355 748 2418 veteres
764 2346 961 2443 resupinus
981 2365 1143 2416 amores:
1164 2344 1237 2413 255

249 2454 300 2530 Et
317 2459 428 2532 modo
447 2484 514 2558 per
531 2472 663 2533 nutum
682 2460 789 2556 signa
805 2459 969 2556 tegenda
986 2458 1136 2531 dabam.

229 2650 289 2701 200.
306 2651 419 2700 Iamna
435 2655 597 2718 mentita]
618 2655 692 2704 rnn-
741 2653 779 2703 rui
790 2654 946 2703 narrationem
953 2650 1092 2723 occuluisse.
1109 2650 1240 2699 Harssrus.

197 2724 249 2777 alat
263 2726 367 2784 volebat,
383 2730 513 2786 orientibus,
524 2730 562 2778 vel
579 2734 694 2779 mancati-
742 2729 776 2777 sic
784 2728 865 2776 Cicer.
876 2727 909 2775 iv.
920 2726 992 2774 Tusa.
1002 2725 1043 2772 33.
1053 2722 1112 2773 dicit
1121 2722 1239 2781 Alcaeum,

197 2801 246 2859 lat,
256 2816 394 2867 perperam:
411 2801 477 2853 lint.
486 2803 540 2855 Art.
550 2805 608 2853 661.
742 2804 888 2863 dejuueaum
899 2801 1011 2847 nmoribru
1022 2800 1140 2860 scripsisse.

230 2875 373 2934 siluerim,
381 2881 592 2929 neceaimvaniuat
602 2882 627 2928 in
639 2889 693 2928 trra
775 2875 833 2923 250.
849 2873 927 2936 lota]
949 2871 1079 2920 Vossianus
1098 2869 1187 2934 Cygno.
1204 2868 1239 2917 sic

743 2958 767 2998 et
778 2947 891 2997 Horatius
901 2946 1001 3013 primam
1009 2947 1034 2994 in
1047 2945 1126 3009 Cygno
1136 2943 1239 3009 corripit.

385 3060 392 3075 .
743 3022 867 3087 videque
887 3030 942 3071 noto
961 3020 1003 3069 lib.
1022 3019 1064 3069 vii.
1082 3020 1145 3067 Met.
1158 3018 1240 3067 sabula

231 3098 288 3149 241.
299 3099 412 3163 Oquotiaa
420 3062 693 3164 olipoemaarmotpolur
742 3096 856 3159 Prognes.
874 3096 1007 3144 Hera-stus.
1040 3092 1160 3143 Luciam'
1152 3108 1178 3141 ιιι
1193 3092 1238 3141 Ju-

198 3172 316 3236 aaran]
335 3173 356 3221 0
376 3177 460 3236 qratia
472 3178 587 3236 jamnum
607 3175 692 3224 Putea·
743 3169 806 3220 drcro
816 3171 931 3227 Dearum
940 3169 971 3218 de
981 3169 1086 3219 Helena
1098 3168 1238 3232 >semtipsis

199 3258 258 3300 m·
273 3262 317 3312 pro
335 3245 430 3295 diversa
447 3246 559 3315 laetiore.
577 3247 693 3312 quomodo
743 3242 801 3297 οἵαν
819 3246 883 3304 stada
902 3244 928 3294 la
948 3243 1041 3295 κύκνου
1061 3241 1240 3309 γεγενημένην.

197 3320 694 3387 etaliinonnulli.decemseripti,javermm
744 3321 833 3370 Βυιιι.

198 3411 289 3447 m
299 3402 407 3445 streete.
425 3397 462 3446 Τὰ
473 3395 692 3462 παιδιράστικαὶιι-
776 3397 834 3446 252.
853 3394 966 3459 Ercldia]
990 3392 1063 3442 MSS.
1081 3390 1128 3442 duo
1144 3394 1239 3441 decidit.

199 3464 260 3519 iaia
270 3469 305 3519 aie
314 3469 379 3534 apud
389 3471 482 3521 Maron.
493 3470 590 3522 AEneid.
600 3488 624 3520 x.
635 3472 693 3521 325.
744 3470 803 3520 forte
813 3473 906 3521 recidit.
917 3469 968 3519 vid.
985 3468 1016 3519 ad
1028 3468 1075 3535 Ep.
1086 3466 1134 3517 xiv.
1145 3468 1186 3516 40.
1198 3466 1240 3515 red

232 3540 489 3610 Tequoqoeflarerrtem
497 3549 573 3608 primo
584 3547 695 3611 maugina
744 3545 842 3611 vulgata
851 3546 890 3595 lric
899 3543 994 3595 retineri
1001 3550 1087 3610 potest.
1096 3542 1191 3593 Patron.
1200 3542 1240 3589 at.

261 3618 334 3665 malm
745 3620 850 3673 Ceterum
860 3624 921 3671 iuter
932 3620 1052 3674 tumultur,
1065 3635 1116 3666 cum
1123 3616 1190 3681 sorte
1198 3632 1240 3677 pc·

232 3690 295 3741 Dan
305 3692 403 3755 noueris
414 3691 525 3754 Clytium,
536 3692 626 3758 infelix,
637 3710 695 3741 aava
744 3697 817 3757 ruptis
831 3697 954 3750 excidisset,
965 3702 987 3742 et
1001 3694 1181 3754 puerjaceutem
1191 3705 1239 3736 rur·

260 3764 457 3831 gflvdlssrcydvnr
745 3770 841 3817 tulisset.
858 3767 1065 3817 ubividenotata.
1098 3763 1187 3810 Bona.

233 3838 357 3891 Dardana
381 3847 468 3889 atratus
493 3843 582 3895 dextra.
604 3857 696 3889 securus
777 3843 835 3891 255.
853 3837 1055 3905 Signatsgeudu]
1075 3836 1183 3900 Legenda
1199 3850 1240 3882 ex·

261 3932 373 3973 anonam,
745 3924 826 3980 cerpta
844 3913 981 3966 Gallicana.
1000 3908 1062 3973 quod
1082 3917 1105 3956 et
1123 3906 1240 3956 Slichten-
1322 3958 1330 3973 ⁸

233 3990 621 4054 lleijaveaamtilr'remperarurrt,
632 3992 695 4036 mtre-
745 3988 834 4037 horstio
845 3989 869 4036 in
880 3995 982 4035 mentem
1000 3990 1105 4031 venerat.
1117 3980 1159 4031 sed
1169 3981 1241 4032 male.

263 4066 449 4126 raadajncem.
745 4061 821 4125 Epist.
831 4078 884 4125 seq.
894 4061 936 4106 02.
953 4065 1011 4105 terta
1022 4058 1096 4121 rigna.

200 4136 252 4188 lloe
263 4137 323 4194 vult,
338 4138 383 4186 sub
401 4136 560 4202 pademticis
577 4151 601 4184 se
613 4133 696 4182 amoris

842 4216 887 4262 Pl
