2904 4994
636 342 771 426 vul,

250 507 960 599 Ossstemenfscitopervsreisrsnturinurrre:

291 600 341 660 Sic
354 621 408 680 ego
420 621 478 660 non
491 601 579 662 etiem
593 611 725 661 mortuus
738 600 822 661 exsul
835 620 893 661 cro.

250 695 319 755 Non
331 705 412 755 vetut
425 696 479 755 hoc
490 695 661 775 quisquam:
682 695 803 754 fratrem
817 693 957 755 Thebans
969 704 1133 776 peremtum

291 787 449 868 Supposuit
462 788 577 849 tumulo
588 808 657 868 rege
669 798 788 848 rotome
801 808 887 847 soror.

250 882 353 961 Atque
365 900 399 942 ee
408 902 475 941 cum
487 882 574 952 foliis,
588 892 619 942 et
631 883 736 941 amomi
749 881 871 961 pulvere
883 882 982 954 misce,

290 976 392 1055 Atque
404 977 569 1036 suburbano
582 975 699 1035 condito
711 975 796 1036 crede
809 976 887 1047 solo;

256 1069 394 1150 Quosque
406 1068 485 1149 legst
497 1088 598 1129 versus
611 1068 693 1129 oculo
705 1080 878 1149 properante
890 1070 992 1140 vietor,

292 1163 459 1224 Grundibus
472 1164 503 1223 in
516 1164 625 1224 tumuli
638 1184 778 1224 marmore
791 1165 868 1225 cede
881 1167 975 1225 notis:

253 1259 318 1318 Hrc
332 1276 396 1318 sco
408 1276 465 1326 our
479 1275 580 1318 rsorro
594 1277 801 1319 rrurrormr
816 1278 919 1320 rusca
933 1278 1083 1330 mortun,

293 1352 437 1412 lucrum
450 1368 546 1412 mn
560 1353 650 1413 Nsso
663 1371 770 1413 rosus
782 1373 861 1414 rrrro.

253 1448 297 1507 At
310 1447 365 1507 tibi
377 1447 429 1527 qui
442 1447 557 1519 uanus,
571 1468 629 1508 non
642 1449 681 1508 sit
694 1469 792 1527 grove,
805 1449 936 1529 quisquis
949 1449 1061 1520 amasti,

292 1542 416 1603 Dicere:
438 1541 564 1604 Nasonis
576 1542 702 1602 molliter
715 1563 777 1603 osso
790 1544 917 1603 cubent!

220 1739 342 1804 Missus
360 1748 469 1803 sutem
483 1737 544 1803 fuit
563 1739 596 1802 in
615 1736 763 1802 exsilium
784 1759 868 1801 anno
882 1737 1008 1822 imperii
1022 1735 1164 1823 Augusti
1179 1762 1229 1805 se·
1320 1752 1323 1759 '

177 1842 285 1909 cundo
305 1851 340 1905 et
359 1840 636 1925 quinquagesimo,
658 1838 710 1905 vel
733 1841 876 1905 circiter:
906 1840 1019 1924 quinto
1041 1851 1149 1906 autem
1170 1841 1228 1907 Ti-

177 1943 259 2010 berii
277 1941 391 2008 Tomis
410 1941 500 2027 apud
522 1940 626 2007 Getas
648 1942 734 2007 diem
756 1943 846 2008 obiit.
893 1941 948 2007 Ex
970 1964 1035 2026 quc
1056 1940 1228 2027 colligitur,

150 2130 158 2140 .
178 2041 343 2111 exsulasse
357 2064 458 2107 annos
469 2053 554 2119 octo,
570 2053 604 2109 st
621 2065 748 2109 menses
767 2042 900 2128 aliquot.
946 2041 1118 2128 Sepultum
1132 2045 1228 2110 etiam

174 2150 272 2235 juxta
286 2144 444 2231 oppidum
457 2142 581 2210 Tomos
594 2147 695 2212 tradit
710 2146 884 2211 Eusebius.
