2896 4980
198 356 243 421 08
488 358 525 422 P.
548 355 709 424 0v1n11
732 354 943 423 NASONIS

200 529 252 604 At
270 530 359 605 mibi
376 554 446 605 nec
458 530 481 603 J
484 556 568 617 uno,
584 555 654 605 nee
674 529 838 629 Hymen,
852 532 921 605 sed
938 530 1056 603 tristis
1076 528 1249 627 Erinnys

251 644 421 720 Praetulit
438 646 614 721 infaustas
633 647 917 743 sanguinolenta
933 644 1048 719 faces.
1196 648 1247 719 46

201 759 301 845 Quid
318 763 406 835 mibi
425 786 510 836 cum
526 762 690 859 Minyis?
708 762 798 857 quid
812 785 898 833 cunr
915 760 1110 833 Tritonide
1129 756 1249 859 pinu?

251 878 350 964 Quid
367 878 434 952 tibi
453 903 538 951 curn
556 866 687 976 patrio,
708 876 831 949 navita
849 876 986 974 Tiphy,
1006 876 1115 949 meai

200 992 287 1066 Non
305 1008 383 1069 erat
400 996 460 1067 hie
479 996 574 1067 aries
592 993 678 1065 tillo
697 992 913 1088 spectabilis
931 1015 1060 1065 aureo:

74 1176 84 1214 .·
219 1108 344 1211 Nec
346 1112 449 1193 senis
464 1109 579 1181 AEt'tae
598 1108 698 1201 regia
718 1106 877 1180 Lemnos
895 1120 987 1181 erat.
1195 1110 1248 1181 50

102 1266 107 1273 ·
198 1186 323 1299 ceria
330 1226 381 1300 tui
400 1228 519 1323 primo
537 1224 622 1319 (sed
640 1248 700 1296 rne
718 1226 815 1297 mala
831 1224 908 1297 satu
924 1222 1141 1317 trahebant)

248 1341 409 1443 Hospita
426 1330 586 1417 feminea
603 1342 740 1438 pellere
758 1352 881 1414 eastra
898 1365 1022 1413 manu.

198 1457 497 1555 Lemniadesque
519 1459 629 1539 viros,
648 1456 802 1529 nimiunr
821 1480 985 1553 qnoque,
1004 1456 1154 1529 vincere
1175 1478 1244 1529 no-

249 1572 371 1648 Milite
389 1588 465 1647 tarn
483 1575 565 1647 sorti
585 1574 665 1669 ripa
682 1573 822 1643 tuenda
839 1570 919 1643 fnit.
1122 1572 1244 1665 [runt.

200 1689 305 1763 Urbe
323 1692 439 1764 virum
456 1692 543 1777 vidi,
562 1700 738 1785 tectoque
757 1688 954 1784 animoque
973 1686 1120 1784 recepi:
1193 1690 1245 1759 55

251 1801 324 1877 Hic
342 1807 409 1879 tibi
427 1810 560 1906 bisque
578 1816 702 1889 aestas,
722 1803 855 1900 bisque
874 1804 1037 1876 cucurrit
1053 1803 1189 1876 hiems.

230 1967 272 2014 49.
295 1966 353 2015 i'itto
372 1972 496 2031 spectabitis
515 1966 606 2031 utrm]
624 1968 692 2031 Syni·
742 1966 862 2014 mendose.
896 1966 928 2013 At
950 1968 974 2014 in
996 1980 1042 2013 uno
1063 1962 1182 2013 vossiano
1203 1964 1245 2027 (et

199 2038 311 2088 resistis
323 2040 366 2090 lib.
378 2043 395 2090 i.
412 2044 524 2092 Annorum
536 2044 605 2107 Eleg.
618 2042 659 2091 rii.
743 2040 865 2097 Francos.)
886 2056 927 2105 pro
948 2040 1040 2091 diversa
1057 2038 1169 2093 lectione.
1189 2040 1245 2103 rip·

231 2112 282 2175 Ipu
304 2115 367 2163 Deus
386 2119 548 2180 t'otrrm.pn11a
568 2120 693 2180 qrectnbr'iis
742 2115 1010 2179 tuerrdu.quodpincet.
1037 2112 1166 2161 Ilottnim
1177 2114 1245 2165 omni

294 2205 373 2245 unm,
740 2190 818 2238 studio
833 2188 972 2237 lernnisdes
990 2190 1100 2252 egebunt,
1118 2198 1146 2235 rrt
1163 2188 1244 2253 Argo-

255 2260 643 2329 TractatinarrruttrconsonufitoI.
640 2284 691 2317 uro.
742 2272 825 2311 nautas
853 2260 930 2309 littore
951 2262 1110 2327 prohiberent.
1138 2260 1171 2309 de
1192 2262 1245 2311 virt

197 2335 229 2383 Et
239 2335 264 2383 in
275 2333 342 2400 Epist
352 2336 445 2385 Medeae
456 2338 497 2386 xii.
509 2341 564 2387 201.
742 2337 833 2385 nullum
844 2352 872 2383 et·
874 2346 900 2383 rt
901 2352 964 2384 nnen
975 2336 1029 2384 tuit.
1058 2334 1164 2385 Cursum
1174 2334 1245 2385 dedit

230 2410 692 2475 ArtreusiHeririestitioqreotnbitisuureo
741 2412 792 2460 loco
819 2411 990 2475 interpolando,
1011 2410 1075 2474 quod
1098 2412 1173 2471 ripam
1198 2426 1244 2477 pm

264 2483 310 2530 Dos
320 2500 378 2530 ιιιιιιι.
587 2488 657 2535 Cios.
741 2488 816 2534 littore
843 2500 1010 2548 nonnunquam
1037 2480 1098 2531 surni
1129 2484 1245 2543 nesciret,

198 2556 271 2604 Multi
281 2556 376 2605 codices
379 2557 650 2622 sutrospectoiritisnuro
666 2571 692 2610 ut
741 2558 987 2623 quisquisritumripa
1001 2556 1132 2641 supposuit.
1148 2566 1175 2607 st
1191 2558 1245 2609 Ho-

197 2630 281 2677 ueiiern
293 2630 368 2695 fuluo
387 2648 457 2697 supra
476 2632 545 2681 dixit.
571 2633 614 2681 sed
634 2634 692 2683 nibil
741 2630 1053 2681 ratiuslib.iii.0d.xxri.

198 2705 337 2753 mutandum
345 2714 442 2757 temere.
468 2708 550 2757 Valet.
562 2708 628 2759 Hoc.
640 2709 691 2758 viii.
774 2708 879 2769 ,liquoris
889 2706 1079 2770 trigrivtitmt'tttm
1089 2714 1111 2751 et
1122 2715 1246 2759 trementes

201 2778 255 2826 122.
1034 2780 1128 2827 i'aerbere
1138 2784 1202 2843 ripm

261 2854 498 2920 -t'rutspe
507 2868 628 2905 comantem
742 2853 811 2903 dixit.
847 2855 928 2902 Florus
939 2870 1032 2917 quoque
1050 2852 1093 2901 lib.
1102 2852 1137 2901 iv.
1148 2870 1206 2921 esp.
1217 2856 1246 2907 ii.

229 2926 325 2975 Sidere&
338 2937 392 2975 Mitt!
400 2932 479 2990 ptumi
494 2950 555 2980 nun(
564 2932 650 2997 fundit
667 2936 692 2979 ἰη
742 2928 772 2975 de
784 2930 852 2977 Beiio
862 2928 961 2976 Anionii
972 2926 1093 2975 PMitiCOE
1107 2928 1247 2991 Purpura.

261 3010 336 3047 artus.
742 3019 846 3065 rrururntp
856 3021 867 3051 e
879 3006 901 3050 in
915 3005 985 3063 riprm
996 3003 1083 3048 assidue
1099 3012 1160 3049 stota
1172 3006 1247 3055 mtis

198 3071 239 3121 vii.
252 3073 294 3121 30.
743 3078 815 3123 muria
827 3079 974 3125 rerometnnt.
998 3076 1086 3123 Contra
1097 3078 1165 3123 tittus
1175 3076 1247 3129 fluvii

273 3152 542 3199 ——-—-—Arneu
553 3156 626 3214 sijtrm
743 3166 784 3214 pro
794 3148 1010 3215 ripopsssirnopud
1022 3148 1248 3213 optirnosuuetoru

232 3218 617 3273 Purserotarnctarescanrarriu
625 3228 691 3273 tiliis.
743 3224 883 3273 latinitatis.
919 3225 986 3272 Litus
998 3227 1057 3270 rnerr'
1070 3222 1144 3273 babet
1154 3225 1248 3279 Noster

197 3292 282 3340 Senec.
290 3290 376 3339 Troad.
387 3294 457 3343 1035.
742 3298 804 3347 Met.
817 3300 858 3347 xii.
868 3302 909 3348 66.

232 3366 289 3413 Cum
298 3368 375 3430 gregis
385 3368 464 3415 ductor
475 3372 580 3418 radiante
590 3374 645 3418 vitto
809 3373 930 3423 Prohibent
941 3376 1016 3430 aditu,
1026 3374 1133 3436 littusque
1145 3384 1248 3425 tuentur

230 3442 445 3489 Aureo.-—-·
573 3446 660 3495 Boon.
776 3446 850 3495 Troes.
1114 3447 1210 3499 iisrss.

230 3516 271 3562 52.
299 3513 481 3563 Pellenensem
500 3519 593 3581 monto]
623 3520 692 3570 Domo
774 3525 816 3571 55.
836 3522 1069 3584 brotsortun]
1089 3524 1247 3575 'l'dvidive-

199 3588 276 3637 Vossii
294 3597 406 3653 excerpto
420 3599 445 3638 et
465 3592 539 3641 codex
556 3592 632 3642 Junii.
650 3596 691 3645 sed
742 3597 863 3645 bementer
881 3600 960 3662 friget.
990 3614 1033 3645 nec
1055 3597 1141 3661 jurant
1161 3608 1248 3653 umen

197 3663 256 3712 nibil
279 3662 418 3711 mutandum
439 3667 539 3715 suadent
559 3670 690 3731 sequentia.
741 3672 883 3719 membrano
896 3684 988 3721 nostre.
1022 3670 1115 3718 Scribo:

198 3737 279 3786 Castro
290 3752 346 3785 vero
357 3736 395 3785 hic
403 3747 466 3788 recte
475 3740 621 3791 Hubertinns
631 3743 691 3792 ciss-
776 3743 835 3791 Urbe
843 3750 916 3794 rtrum
924 3746 1002 3801 uirtuti,
1011 3753 1117 3807 tectoque,
1123 3748 1247 3813 uniturque

195 3829 244 3862 sem
256 3812 431 3877 interpretetur.
466 3812 659 3877 virgitivoot.
806 3824 886 3880 rorepr'.

228 3886 298 3935 Faces
308 3888 333 3933 in
343 3894 418 3935 costra
429 3889 536 3937 tulissem.
745 3892 842 3939 i‘idnum
862 3897 939 3942 urbem
957 3894 1078 3956 eleganter
1091 3890 1160 3949 dixit,
1176 3896 1244 3959 quod

196 3959 244 4009 Ubi
254 3961 304 4009 vid.
316 3960 384 4008 Serv.
395 3969 419 4009 et
430 3977 472 4009 nos
482 3962 513 4011 od
524 3962 566 4011 vii.
589 3962 689 4013 Metam.
740 3966 786 4014 viri
802 3966 826 4013 in
843 3984 872 4016 ea
886 3985 968 4017 ornnes
986 3970 1016 4017 ab
1033 3966 1145 4017 uxoribus
1163 3980 1246 4020 essem

195 4033 237 4083 99.
270 4036 359 4084 Bunsr.
740 4042 884 4089 obtruncati.
907 4043 965 4093 nihil
987 4043 1064 4092 notius
1084 4041 1129 4090 bac
1151 4041 1244 4093 tabula.

227 4110 269 4158 54.
291 4110 369 4158 Milite
389 4120 435 4159 ιιιιιι
446 4112 511 4177 sorti
533 4113 581 4159 vitu
606 4114 691 4159 tuendo
741 4114 833 4161 Herus.

188 4178 263 4246 suit]
300 4184 404 4233 Fortuna
431 4190 516 4237 terendo
545 4186 689 4236 Puteoneus.
774 4186 900 4250 ingenioso
920 4201 984 4240 certe
1005 4190 1148 4257 conjectura.
1168 4205 1243 4255 qum
