2896 4980
194 338 260 401 800
492 339 530 402 Ρ.
554 337 716 405 OVIDIl
740 338 952 407 NASONIS

199 508 335 584 Acrius
353 511 500 598 invitos,
520 512 713 608 multoque
731 512 891 586 ferocius
906 527 1054 612 urguet,

249 624 373 709 Quam
391 628 455 723 qui
475 627 665 700 servitium
684 627 780 702 ferre
797 628 973 717 latentur,
993 631 1123 706 Amor.

202 740 261 815 En
278 766 349 839 ego
366 743 566 817 confiteor:
595 755 761 817 tunsum
780 769 876 819 nova
893 746 1032 843 proedtt,
1053 746 1212 846 Cupido.

250 856 481 955 Porrigimus
498 859 616 932 vietus
634 859 682 932 ad
699 869 765 933 tua
776 860 865 956 jura
882 885 1029 936 manus.
1190 869 1234 936 20

149 1028 154 1037 .
201 972 265 1045 Nil
282 998 379 1071 opus
396 983 456 1046 est
472 973 593 1048 bello:
622 996 757 1072 pacem
774 974 1000 1074 veniamque
1018 1000 1203 1073 rogamus.

251 1088 288 1161 N
290 1111 335 1162 ec
352 1087 422 1162 tibi
438 1089 533 1174 laus,
553 1088 665 1163 armis
683 1089 805 1163 victus
823 1090 988 1178 inermis,
1007 1115 1085 1166 ero.

200 1203 324 1279 Necte
341 1227 488 1278 comam
507 1214 653 1300 myrto:
683 1216 871 1278 maternas
890 1208 1010 1303 junge
1026 1207 1234 1295 columbum

250 1318 326 1404 Qui
343 1320 490 1405 deceat,
509 1340 659 1391 currum
677 1317 842 1392 Vitricus
860 1319 943 1418 ipse
960 1321 1080 1396 dabit.

202 1435 323 1533 Inque
336 1436 426 1510 dato
442 1458 566 1520 curru,
583 1434 723 1532 populo
736 1436 923 1510 clamante
937 1436 1180 1535 triumphum,
1193 1440 1236 1511 tt

254 1551 404 1638 Stabis;
434 1560 473 1624 et
490 1550 691 1645 adjunctas
709 1559 789 1623 arte
806 1551 974 1625 movebis
994 1574 1096 1627 aves.

203 1666 400 1740 Ducentur
412 1668 570 1763 juvenes
589 1666 705 1763 capti,
724 1676 922 1764 captaeque
941 1667 1088 1764 puelloe.

252 1779 347 1855 Haec
365 1781 433 1855 tibi
451 1780 672 1876 magnificus
690 1803 831 1877 pompa
846 1781 1061 1879 triumphus
1077 1782 1160 1856 erit.

203 1895 292 1993 lpse
314 1920 398 1991 ego,
417 1897 546 1993 praeda
568 1920 711 1981 recens,
731 1895 871 1970 factum
898 1897 1010 1970 modo
1028 1898 1163 1971 vulnus
1179 1897 1237 1971 he·

253 2011 304 2086 Et
321 2035 416 2084 nova
432 2013 580 2109 captivi
597 2014 743 2086 vincula
762 2023 888 2086 mente
906 2012 1036 2086 leram.
1109 2011 1236 2108 [bebtu

203 2126 315 2201 Mens
336 2125 444 2198 Bona
461 2128 618 2199 ducetur
640 2128 813 2200 manibus
832 2138 918 2224 post
935 2138 1044 2223 terga
1060 2125 1216 2211 retortis,

254 2241 305 2315 Et
322 2241 463 2328 Pudor,
482 2251 521 2314 et
537 2242 669 2314 castris
688 2241 874 2338 quidquid
893 2238 1043 2315 Amoris
1060 2241 1182 2315 obest.
1194 2244 1238 2315 32

204 2358 342 2432 Omnia
359 2370 397 2432 te
414 2366 602 2431 metuent:
632 2359 679 2432 ad
697 2369 736 2431 te
754 2381 822 2431 sua
839 2356 994 2431 brachio
1010 2357 1171 2431 tendens

253 2474 412 2571 Vulgus,
429 2473 484 2559 lii,
505 2475 764 2569 magnivoce,
784 2471 1003 2570 Triumphe,
1022 2483 1147 2546 canet.

204 2591 404 2665 Blanditiae
422 2590 578 2663 comites
596 2589 663 2663 tibi
682 2600 804 2674 erunt,
822 2587 1023 2685 Errorque,
1041 2586 1238 2684 Furorque,

253 2707 423 2781 Adsidue
442 2717 567 2805 partes
586 2707 697 2781 turba
714 2716 844 2778 secuta
861 2715 959 2777 tuas
1189 2703 1239 2775 '36

203 2821 273 2895 His
291 2834 332 2896 tu
351 2823 531 2897 militibus
551 2847 706 2921 superas
725 2822 973 2916 hominesque
993 2817 1194 2917 Deosque:
1224 2854 1228 2863 ·

252 2936 347 3010 Haee
365 2939 433 3013 tibi
452 2939 484 3011 si
502 2938 632 3012 demas
650 2935 859 3021 commoda,
879 2934 1004 3007 nudus
1022 2933 1109 3008 eris.

231 3123 272 3169 24.
290 3121 337 3175 Qut
347 3124 423 3170 deceat
434 3122 537 3184 cumis]
556 3121 603 3175 Qut
613 3123 698 3177 meat,
746 3122 826 3180 pium,
837 3126 863 3165 ut
874 3126 910 3166 est
920 3117 945 3165 in
956 3131 1004 3165 uuo
1018 3114 1122 3164 Heiusii.
1133 3112 1241 3165 stoebe

200 3211 305 3242 cirrrrtm.
322 3195 411 3258 scripti.
430 3197 561 3243 llnrsstus.
594 3198 697 3244 lactan·
749 3192 773 3240 (ll
784 3202 863 3257 W!
872 3207 902 3239 ex
913 3190 948 3238 iv·
959 3188 1023 3238 Trlssl
1032 3188 1058 3237 ll·
1071 3189 1110 3237 ¹9·

200 3267 247 3314 tius
263 3267 307 3314 lib.
324 3267 341 3315 i.
356 3268 386 3315 de
403 3267 465 3316 islsa
482 3270 593 3333 religione
609 3284 662 3335 cup.
673 3270 698 3318 ii.
783 3265 845 3327 Ergo
859 3266 930 3312 omnis
939 3264 1039 3325 perpulsus
1051 3264 1138 3325 poterit
1149 3270 1241 3327 quim

200 3341 343 3388 montionem
353 3341 410 3388 facit
427 3343 553 3398 Podmatis
564 3344 627 3407 quod
645 3344 697 3391 Tri·
813 3339 962 3400 triumphum.

200 3413 296 3474 simplius
308 3414 428 3474 Cupidinis
443 3415 474 3463 sit
490 3416 636 3480 inscriptum,
647 3418 697 3466 sine
750 3412 826 3468 Alius,
839 3413 951 3459 clssmfflss
969 3411 1100 3472 mmlldel
1117 3418 1145 3459 ¹²²
1159 3408 1191 3457 ἡ
1203 3420 1240 3473 Ρ

201 3476 313 3524 Auctoris
321 3478 424 3525 nomine.
434 3479 505 3543 hujus
512 3480 624 3543 triumphi
632 3498 697 3546 pom-
749 3484 776 3531 lo·
793 3487 913 3546 triumphe,
930 3484 994 3548 quod
1010 3499 1066 3533 mox
1082 3499 1144 3533 vers.
1153 3484 1195 3532 ³4·
1208 3495 1241 3531 st·

200 3565 265 3613 pom,
281 3550 365 3598 lovem
383 3565 437 3598 cum
454 3550 539 3599 ceteris
556 3552 610 3600 Diis
626 3553 697 3603 tuisse
748 3559 836 3622 quitur.
844 3568 869 3607 et
877 3559 911 3607 ita
922 3558 1005 3606 Horat.
1016 3557 1048 3607 iv.
1060 3558 1110 3607 Od.
1119 3559 1144 3607 2.
1159 3558 1239 3607 nun.

201 3623 243 3671 ait.
781 3634 822 3680 33.
841 3632 924 3681 Omnia
935 3643 956 3680 te
971 3633 1096 3697 metirent]
1114 3632 1173 3681 Plus
1186 3628 1240 3681 din'l

236 3697 336 3746 Vitricus
353 3700 398 3759 ipss
408 3698 494 3761 datin]
514 3699 536 3745 A
549 3700 628 3748 lilarte
645 3716 697 3749 cur·
748 3721 833 3769 genere
844 3715 935 3762 neutro,
946 3720 1019 3769 quam
1029 3705 1050 3754 si
1060 3704 1191 3756 mutim
1198 3720 1237 3753 a*

201 3787 252 3820 rum
276 3770 388 3837 accipies.
428 3771 461 3818 Ut
481 3770 582 3819 militurn
609 3773 699 3823 animos
749 3780 1027 3828 nesdixissetlilnurus.
1047 3776 1237 3837 videndentur

201 3844 315 3910 Cupidini
336 3845 429 3894 deditos
449 3854 595 3894 monstraret.
629 3848 698 3897 Unde
749 3853 784 3901 til.
795 3854 866 3903 Decl.
878 3853 896 3902 i.
906 3855 929 3902 6.

200 3935 248 3967 non
259 3928 347 3968 temere
358 3918 448 3984 antiqui
462 3920 560 3968 fabulati
574 3930 637 3979 sunt,
650 3923 697 3972 l'e-
781 3930 821 3975 37.
841 3928 883 3975 llis
895 3938 920 3974 tu
932 3927 1067 3990 militibus]
1087 3926 1116 3974 lu
1128 3942 1175 3976 uuo
1188 3924 1235 3973 lto-

201 4009 280 4042 nerem
292 3994 365 4042 Marti
376 3993 447 4042 fuisse
458 3994 617 4058 conjunctam.
749 4003 801 4051 reti.
824 4003 921 4048 otilltiis.
955 4000 1033 4057 Forte,
1053 4002 1088 4049 liis
1104 3996 1235 4049 mitet.

234 4069 273 4114 25.
299 4068 385 4127 Populo
403 4070 515 4115 clutttnntr
536 4071 695 4132 triumphurn]
748 4074 785 4121 vel
809 4076 975 4121 nnnmtltn'tus.
1001 4074 1135 4123 Hsrssrus.
1165 4068 1234 4121 1¹12!

203 4139 314 4189 Francius
342 4143 451 4191 molebat.
481 4152 593 4201 <pretatur
616 4146 697 4191 tn'nm-
750 4148 804 4195 llux
823 4158 856 4195 est
868 4146 969 4211 Cupido.
987 4145 1077 4197 milites
1093 4156 1117 4195 et
1134 4142 1234 4196 satelltes
