2896 4980
212 328 279 394 wli
507 328 545 392 Ρ.
569 325 733 392 ovmll
756 324 969 395 NASONIS

215 502 310 587 Quae
327 513 369 576 tu
384 500 603 587 reddideris,
622 524 693 598 ego
710 502 854 599 primus
870 500 1008 600 pocula
1020 524 1184 577 sumam:
1205 512 1214 527 '

265 617 316 692 Et
333 630 467 717 quatu
484 618 638 706 biberis,
657 618 728 692 hac
746 641 817 715 ego
834 629 941 717 parte
959 618 1101 695 bibam.

217 736 258 809 Si
276 736 343 809 tibi
363 737 457 811 sorte
474 736 592 822 dabit,
612 759 708 832 quos
726 736 1013 833 praegustaverit
1029 736 1124 835 ipse,

266 852 399 950 Rejice
417 853 554 927 libatos
571 852 672 925 illius
690 877 754 926 ore
771 853 890 926 cibos.

217 968 299 1043 Nec
316 981 464 1069 premat
481 969 666 1067 impositis
685 969 796 1043 sinito
812 979 880 1042 tua
895 968 994 1043 colla
1009 966 1180 1045 lacertis:
1205 973 1246 1043 35

265 1086 361 1161 Mite
380 1110 449 1161 nec
468 1087 505 1159 in
524 1087 644 1183 rigido
662 1097 815 1184 pectore
833 1109 932 1183 pone
949 1094 1077 1183 caput.

216 1203 298 1278 Nec
316 1205 419 1279 sinus
437 1205 611 1278 admittat
627 1204 778 1299 digitos,
797 1203 988 1276 habilesve
1005 1201 1166 1300 papillae.

262 1321 405 1395 Oscula
421 1321 611 1419 praecipue
628 1320 731 1392 nulla
748 1317 899 1391 dedisse
915 1316 1023 1390 velis.

216 1437 358 1511 Oscula
375 1437 406 1509 si
424 1437 586 1522 dederis,
605 1436 693 1508 fiam
711 1433 931 1507 manifestus
949 1444 1117 1507 amator:
1224 1420 1228 1427 ’

265 1555 316 1631 Et
332 1556 468 1640 dicam,
489 1554 580 1628 Mea
597 1565 705 1626 sunt:
735 1551 976 1648 injiciamque
995 1573 1141 1623 manus.
1205 1552 1247 1621 40

215 1669 309 1743 Haec
323 1681 450 1744 tamen
464 1669 688 1769 adspiciam:
709 1668 777 1741 sed
789 1691 873 1764 quae
886 1667 1245 1765 benepalliacelaut,

264 1786 336 1859 Illa
352 1786 443 1859 mihi
462 1788 551 1860 caeci
570 1810 707 1859 caussa
723 1785 867 1857 timoris
884 1794 1006 1858 erunt.

215 1901 297 1976 Nec
314 1902 444 1975 femori
462 1904 654 1977 committe
673 1903 804 1988 lemur,
824 1926 893 1975 nec
911 1926 1020 1975 crure
1037 1903 1200 1976 coboere:

264 2017 299 2090 N
303 2042 347 2091 ec
366 2029 536 2091 tenerum
554 2020 647 2091 duro
665 2043 752 2091 cum
770 2019 867 2115 pede
881 2020 1000 2115 junge
1017 2018 1166 2116 pedem.

212 2132 337 2207 Multa
354 2133 467 2205 miser
483 2133 611 2219 time0‚
631 2133 722 2230 quia
738 2133 810 2206 feci
829 2133 948 2207 multa
963 2145 1156 2233 proterve:
1202 2110 1245 2205 lb

263 2246 516 2349 Exemplique
535 2259 637 2321 metu
655 2260 832 2345 torqueor
849 2250 931 2347 ipse
944 2250 1032 2325 mei.

211 2367 323 2465 Saepe
340 2366 444 2452 mibi,
458 2364 695 2460 dominaeque
714 2387 807 2437 meae
821 2376 1022 2463 properata
1036 2366 1203 2465 voluptas

259 2482 377 2556 Veste
396 2483 467 2556 sub
486 2481 624 2579 injectd
640 2482 750 2555 dulce
767 2480 913 2579 peregit
929 2505 1039 2579 opus,

210 2599 294 2674 Hoc
312 2610 352 2673 tu
370 2623 445 2672 non
462 2598 599 2672 facies:
628 2599 695 2672 sed
715 2622 761 2672 ne
780 2598 914 2672 fecisse
932 2597 1089 2696 puteris,

261 2717 427 2789 Conscia
443 2716 490 2789 de
509 2715 650 2811 gremio
668 2716 784 2813 pallia
800 2718 910 2790 deme
930 2726 1006 2787 tuo.
1203 2716 1245 2786 50

208 2832 386 2905 Virbibat
397 2856 517 2929 usque
529 2856 636 2927 roga:
652 2833 828 2929 precibus
839 2831 1242 2917 tamenosculadesint;

260 2948 438 3044 Dumque
457 2948 564 3032 bibit,
585 2947 710 3019 furtim
729 2948 777 3043 (si
795 2948 921 3047 potes)
940 2949 1037 3022 adde
1056 2970 1207 3022 merum.

210 3064 251 3136 Si
270 3065 366 3137 bene
385 3064 615 3160 compositus
635 3087 766 3135 somno
785 3064 946 3160 vinoque
960 3064 1126 3161 jacebit;

258 3179 468 3251 Consilium
487 3179 595 3251 nobis
613 3203 748 3276 resque
767 3181 949 3275 locusque
967 3179 1124 3253 dabunt.

241 3424 281 3469 41.
299 3423 342 3469 Sed
357 3442 404 3485 quer
415 3426 469 3470 bene
477 3427 550 3485 pollio
560 3426 645 3480 celant,
658 3424 671 3471 l
672 3428 705 3474 lla
756 3429 797 3486 κὸς
805 3428 854 3492 γὰρ
864 3426 906 3485 ἦν,
913 3426 972 3484 εἴτις
982 3428 1037 3492 πὲρ,
1045 3428 1086 3476 rui
1096 3427 1110 3476 ὁ
1121 3425 1246 3492 Serpdm·

207 3496 264 3542 mili
281 3498 332 3542 rari
350 3513 417 3542 carim
436 3499 520 3543 timoris
538 3499 626 3560 erunt]
648 3499 706 3548 Circi
755 3502 796 3548 καὶ
808 3500 858 3549 ὑπὸ
871 3501 932 3565 μίαν
942 3499 1101 3563 Ἀλκιβιάδης
1117 3500 1186 3566 αὑτᾷ
1194 3495 1246 3564 χλῦ·

208 3572 302 3623 timorit,
324 3568 400 3633 inquit
420 3569 603 3626 Commentator,
619 3571 643 3619 id
659 3584 705 3631 est,
756 3574 812 3624 vida
822 3576 911 3632 κλιθεὶς
920 3576 964 3623 or'ur
971 3577 1058 3636 ἅπληξ
1067 3572 1246 3637 &obmutire

208 3641 336 3708 prtccipitis
346 3650 370 3691 ct
384 3642 498 3690 maximi:
517 3643 579 3706 quod
591 3660 635 3707 ego
647 3661 706 3694 nun·
757 3658 793 3697 est
814 3652 1044 3698 rustinnituberuium
1064 3650 1183 3707 Petronio,
1199 3660 1246 3713 etp·

206 3732 278 3782 quarn
290 3717 345 3781 legi.
379 3717 430 3781 Ego
440 3733 495 3764 vero
507 3718 595 3765 (lurum
608 3722 707 3768 timorem
758 3724 793 3771 xi.

207 3791 306 3857 accipio,
319 3807 361 3856 pro
377 3790 471 3839 occuito
488 3799 512 3838 et
529 3791 633 3841 latente:
651 3810 705 3858 per·
791 3798 832 3845 5³.
848 3797 873 3844 Si
884 3799 937 3845 bene
947 3798 1100 3862 commilita]
1114 3796 1246 3845 nimmt-

207 3864 419 3921 redemerimus,
432 3865 520 3912 Circum
534 3868 661 3921 eminuerit
674 3868 704 3915 si·
755 3871 829 3936 ponit,
852 3875 905 3920 bene
925 3881 948 3919 et
965 3872 1027 3920 laute
1045 3882 1149 3920 curatur.
1170 3865 1247 3918 rectius

206 3938 281 3987 milia.
299 3940 444 3989 Mrcuunus.
470 3939 537 3987 Unus
548 3940 644 3997 Moneri,
656 3941 706 3989 Seri
756 3944 811 3990 vino
823 3954 847 3992 et
858 3960 939 3993 somno
953 3946 1065 4006 sepultus.
1083 3953 1111 3993 ut
1126 3942 1183 3993 albi
1192 3940 1246 3989 lion·

206 4015 298 4061 timoris.
316 4014 414 4069 Donato,
429 4014 510 4073 Magni
520 4017 616 4063 timoris.
756 4027 799 4074 ter,
818 4019 933 4082 Virgilius
946 4028 971 4066 et
987 4018 1028 4066 ulii
1044 4020 1181 4084 loquuntur.
1195 4030 1245 4063 ron·

238 4088 279 4134 4⁰.
298 4087 344 4134 Sub
355 4089 458 4150 injectu]
479 4089 705 4154 Douzaudnuipsc-
755 4109 836 4152 pimere
855 4093 919 4140 enim
940 4092 1064 4141 funererun
1085 4108 1137 4141 esse
1158 4090 1245 4141 verbum

206 4160 293 4208 rutilis
304 4160 402 4210 Luciani
413 4178 442 4209 ex
454 4160 593 4212 timoribus:
608 4162 704 4229 Ἔρωτι·
753 4165 802 4228 J'am
814 4165 881 4231 pueri
893 4173 987 4214 norunt.
1021 4166 1114 4215 Burin.
