2896 4980
195 379 260 445 170
491 376 529 440 Ρ.
553 374 715 440 0v1o11
739 371 962 439 NASONIS·

197 553 279 639 llle,
298 551 421 625 ferens
438 549 598 624 dominae
616 548 793 622 mandata
809 546 975 621 recentia
991 542 1133 629 secum,
1166 542 1237 615 145-

248 668 438 765 Pugnabit
454 679 580 754 caute,
599 666 849 766 respicietque
867 664 1032 737 domurn.

199 784 326 859 Exuet
342 785 422 857 haec
440 784 568 857 reduci
591 785 780 882 clypeum,
800 781 1023 877 galeamque
1040 774 1210 859 resolvet,

249 899 502 998 Excipietque
520 926 587 973 suo
606 913 759 999 pectora
776 899 876 970 lassa
893 896 988 968 sinu.

200 1016 280 1091 Nos
298 1042 428 1089 sumus
447 1018 618 1090 incertae:
648 1040 715 1088 nos
733 1015 867 1087 anxius
884 1011 1009 1084 omnia
1026 1009 1140 1105 cogit,

249 1131 344 1217 Quae
363 1142 522 1232 possunt
538 1131 629 1217 fieri,
649 1130 749 1204 facta
765 1142 898 1229 putare
915 1128 1039 1201 timor.
1169 1123 1234 1195 150

199 1250 301 1323 Dum
319 1261 446 1324 tamen
464 1274 567 1324 arma
584 1274 691 1346 geres
709 1248 855 1321 diverso
873 1245 980 1318 miles
999 1243 1037 1315 in
1055 1240 1158 1325 orbe,

249 1365 343 1451 Quae
361 1366 496 1441 referat
512 1366 636 1439 vultus
654 1376 713 1440 est
730 1364 820 1437 mihi
838 1386 925 1436 cera
941 1372 1039 1434 tuos.

199 1482 261 1556 Illi
278 1483 491 1570 blanditias,
506 1484 558 1556 illi
576 1485 644 1557 tibi
661 1483 791 1557 debita
807 1481 921 1554 verba

252 1598 444 1672 Dicimus:
473 1599 669 1699 amplexus
687 1597 823 1696 accipit
840 1596 903 1668 illa
919 1616 1036 1666 meos.

202 1712 327 1787 Crede
344 1716 453 1803 mihi;
474 1716 559 1815 plus
577 1728 647 1803 est,
660 1740 775 1813 quam
789 1712 891 1811 quod
909 1710 1091 1793 videatur,
1105 1704 1236 1799 imago.

251 1827 361 1903 Adde
380 1855 512 1905 sonum
531 1856 648 1920 cerae3
679 1830 909 1904 Protesilaus
927 1826 1009 1900 erit.
1173 1819 1238 1892 156

202 1942 311 2017 Hanc
331 1958 473 2044 specto,
492 1958 678 2044 teneoque
696 1947 792 2039 sinu,
810 1969 878 2043 pro
896 1943 1058 2038 conjuge
1074 1961 1182 2012 vero:

253 2059 305 2133 Et
321 2071 514 2160 tamquam
532 2064 650 2162 possit
666 2065 781 2138 verba
797 2060 945 2145 referre,
965 2079 1113 2156 queror.

234 2349 271 2397 Aa
281 2365 323 2397 sse
334 2348 452 2398 Quaene
460 2352 591 2413 producunt
594 2352 697 2415 flumina
748 2350 800 2398 nius
810 2348 840 2397 de
850 2348 915 2397 bello
924 2346 1025 2412 Trojano
1035 2344 1096 2393 libro
1106 2360 1131 2392 r.
1147 2340 1189 2407 qui
1197 2340 1240 2391 salt

747 2423 844 2473 Daretis
855 2422 952 2486 Phrygii
964 2420 1059 2468 nornine
1069 2415 1241 2468 eircmtaeu:

781 2498 894 2546 Hemonis
912 2499 1023 2544 abentem
1043 2496 1144 2555 suspiret
1168 2500 1241 2543 nm

271 2573 408 2635 —-quulis
418 2575 486 2621 roseis
495 2575 515 2620 it
525 2572 621 2637 Lucifer
631 2575 681 2630 ulis,
811 2575 926 2626 mortum,

235 2645 307 2699 Quem
324 2647 398 2695 Venus
411 2648 500 2695 illustri
516 2649 602 2712 gaudet
610 2650 696 2710 produ·
782 2645 865 2693 Etrum
875 2640 1242 2704 murmuratumque

265 2724 388 2769 emedio.
806 2721 885 2784 figens

201 2792 257 2840 Ter.
272 2792 346 2843 Adel.
358 2794 392 2843 iii.
403 2796 436 2842 iv.
449 2795 491 2842 ³9.
510 2793 559 2841 ot!
575 2811 639 2856 quem
650 2810 700 2859 egu-
783 2794 854 2850 Cere,
866 2793 1011 2858 difficilesque
1027 2794 1077 2839 deos
1088 2793 1114 2839 irs
1125 2800 1176 2840 rote
1183 2790 1243 2857 seti-

202 2876 244 2915 met
262 2870 368 2927 produss'.
388 2867 437 2915 vid.
454 2867 536 2915 Barth.
549 2868 580 2916 ad
594 2868 655 2915 Stat.
672 2868 698 2915 ii.
813 2886 880 2934 gum.
916 2904 925 2921 .

201 2940 247 2988 Th.
260 2942 316 2989 ³13.
350 2943 440 2989 Bcnsr.
750 2943 817 2990 Male
835 2952 860 2990 et
877 2942 928 2991 illic
944 2941 1076 3005 legebatur,
1087 2941 1164 2989 mle
1170 2941 1245 3007 figas

237 3016 293 3063 147.
318 3016 428 3079 clypeum
448 3016 601 3079 galeamque]
626 3014 700 3064 Multi
750 3034 823 3065 cerea.
840 3015 1244 3081 nisimavismsculufingmeeres.

203 3090 296 3137 codices
307 3099 331 3137 et
347 3090 463 3138 editiones
478 3090 595 3154 quedam,
612 3092 701 3155 galeam
753 3091 774 3137 F
774 3095 851 3155 ingere
869 3108 911 3157 pro
929 3091 1042 3145 mulcere,
1061 3090 1091 3137 de
1113 3104 1162 3155 quo
1178 3089 1245 3139 serbo

202 3163 355 3225 clypeumque.
373 3163 416 3212 sed
434 3163 522 3210 rectius
539 3165 627 3225 galeam
646 3178 700 3211 cum
751 3166 852 3215 ubertim
869 3165 899 3213 ad
918 3164 1013 3213 Acontii
1034 3163 1166 3230 Epistulam
1184 3163 1245 3213 diue·

202 3236 241 3298 τῷ
257 3238 367 3285 remtrenr
385 3238 491 3302 proximo
513 3238 565 3285 loco
581 3238 700 3301 jungunt:
752 3257 811 3296 mus,
822 3249 846 3288 et
857 3239 1017 3306 Metamorph.
1028 3239 1061 3286 iv.
1078 3236 1244 3287 Fabuls'lluis·

203 3307 245 3355 illa
262 3309 324 3357 enirn
341 3310 490 3374 aperiebatur
501 3320 525 3358 et
539 3312 701 3361 claudebatur.
751 3315 802 3361 bes.
836 3314 967 3361 llrrxsrrs.
1000 3313 1040 3360 lta
1055 3311 1173 3361 Admetus
1186 3309 1245 3377 apud

203 3382 264 3428 Stat.
274 3381 325 3429 viii.
335 3384 391 3430 16³.
425 3385 514 3432 Banu.
752 3385 889 3451 Euripidem
899 3387 1061 3435 Alcest.348.

240 3456 295 3503 152.
315 3457 371 3510 Quae
390 3458 476 3520 referat
496 3461 582 3514 uultus,
599 3469 631 3506 est
648 3461 702 3507 milri
786 3461 853 3523 Σοφῇ
869 3458 893 3507 dl
910 3462 974 3524 χειρὶ
987 3459 1112 3510 τεκτόνων
1130 3457 1205 3524 δῦμας
1219 3458 1245 3508 ri

203 3546 264 3583 reru,
282 3529 351 3591 tuos]
371 3529 481 3593 Hyginus
496 3531 616 3580 Fab.civ.
642 3532 701 3581 lao-
818 3534 865 3581 σὸν

204 3606 280 3651 &mio
289 3605 436 3667 Acustlfiliu‚
447 3608 526 3653 omisso
536 3610 639 3671 conjuge,
650 3625 701 3655 cum
784 3605 904 3656 Εἰκᾶσθεν
919 3606 947 3656 lu
962 3605 1102 3670 λέκτροισιν
1119 3606 1246 3667 inradiet·
1263 3612 1268 3623 '

204 3686 250 3725 tres
259 3678 324 3725 lorus
340 3680 500 3734 consumsisset,
515 3697 570 3742 quus
580 3699 593 3727 a
605 3683 649 3728 diis
662 3697 701 3742 ps·
815 3698 865 3728 rar.

205 3753 282 3807 tieret,
291 3752 377 3815 Jletum
390 3760 413 3799 et
421 3754 517 3799 dolorem
533 3756 583 3814 perti
600 3772 643 3801 uon
662 3772 700 3816 po-
785 3754 858 3802 Doctu
885 3771 934 3802 uero
953 3772 1023 3802 manu
1044 3754 1161 3817 artificum
1186 3764 1246 3804 teuss

158 3885 164 3891 ι
205 3829 260 3874 tuit.
280 3823 361 3889 ltaque
371 3824 433 3889 serit
449 3828 595 3874 simulacrum
614 3845 702 3875 cereum
815 3846 895 3889 eorpus

203 3902 276 3948 simile
288 3899 409 3947 Protesilai
425 3903 535 3965 conjugis,
547 3911 568 3947 et
585 3904 609 3948 iu
627 3904 702 3949 tlruln-
785 3904 949 3950 Assimulutum
972 3905 997 3948 irs
1018 3904 1074 3950 lecto
1094 3904 1245 3952 collocabitur.

204 3977 246 4021 mis
254 3977 336 4036 posuit,
347 3975 538 4023 subsimulutioue
548 3986 702 4031 summumst
816 3978 860 4025 dc.
1131 3980 1217 4029 Banu.

205 4049 418 4111 eumenlerecrrpir.
436 4048 470 4097 ita
480 4049 563 4097 scribe.
581 4064 703 4114 perperam
788 4050 843 4098 156.
862 4052 926 4099 ,ldde
944 4051 1046 4116 sonum]
1065 4053 1173 4103 Venusto
1186 4054 1245 4102 Aut·

204 4122 350 4169 simulacrum
361 4139 443 4172 ereum
458 4138 520 4171 nunc
537 4122 587 4171 illic
604 4123 702 4171 circum-
752 4139 831 4173 creon.
848 4124 896 4174 od.
907 4126 988 4174 xxviii.
995 4135 1021 4175 et
1031 4127 1098 4177 xxix.
1115 4128 1170 4178 vide
1180 4128 1245 4192 msy-

205 4191 288 4241 tertur.
309 4194 427 4262 Josephus
443 4196 541 4247 lscsnus
554 4197 604 4247 sive
623 4196 703 4245 Devo-
753 4196 803 4247 deri
812 4198 940 4247 Analecta.
949 4214 974 4264 p.
980 4201 1038 4250 337.
1046 4212 1071 4251 et
1078 4218 1145 4267 seqq.
1162 4202 1246 4251 llsrss.
