2896 4980
342 314 567 382 AMORUM.
608 314 699 379 LIB.
725 314 794 379 111.
815 316 848 381 1.

1050 319 1118 383 395

79 487 187 563 Venit
203 497 243 562 et
259 487 403 582 ingenti
420 488 583 562 violenta
598 485 799 584 Tregoedia
816 513 948 586 passu:

126 603 263 677 Fronte
280 626 399 677 comae
415 606 535 690 torst,
553 604 655 703 pulla
667 605 823 702 jacebat
837 605 953 679 humi.

80 719 186 794 Laevs
201 743 336 794 munus
352 729 545 818 eoeptrum
563 721 638 794 late
655 720 783 816 regale
800 721 975 795 tenebat:

124 834 268 935 Lydius
285 837 363 911 aits
379 837 520 935 pedum
536 836 662 911 vincla
679 836 883 912 cothurnus
902 847 994 910 erat.

15 1043 16 1047 Ἰ
79 951 127 1026 Et
141 952 256 1050 prior,
276 950 421 1050 Ecquis
439 953 522 1040 erit,
541 952 651 1039 dixit,
671 953 739 1027 tibi
757 951 842 1026 finis
861 953 1036 1026 amandi?
1078 957 1120 1025 15

126 1067 160 1140 Ο
179 1068 392 1164 argumenti
409 1069 511 1143 lente
530 1067 649 1142 Poeta
666 1067 739 1141 tui!

80 1181 297 1281 Nequitiam
315 1183 445 1258 vinosa
461 1193 565 1259 tuam
583 1184 752 1258 convivia
768 1194 936 1258 narrant:

127 1297 292 1372 Narrant
309 1298 347 1372 in
364 1300 502 1373 multas
519 1299 686 1398 compita
702 1310 808 1374 secta
824 1300 915 1374 vias.

81 1413 189 1513 Saepe
206 1413 343 1509 aliquis
360 1413 480 1509 digito
496 1425 621 1488 vatem
639 1415 813 1510 designat
829 1425 1003 1489 euntem:

127 1528 256 1626 Atque
273 1528 337 1616 ait,
357 1527 445 1613 Hic,
464 1529 525 1603 hic
543 1540 614 1615 est,
634 1553 748 1626 quem
762 1529 862 1603 serus
877 1530 951 1602 urit
967 1529 1096 1602 Amor.

82 1643 222 1719 Fabula
239 1645 328 1740 (nec
346 1644 481 1738 sentis)
499 1655 579 1718 tota
592 1645 747 1742 jactaris
767 1645 804 1717 in
824 1643 951 1731 Urbe;
1074 1648 1119 1716 21

129 1758 232 1835 Dum
249 1770 317 1834 tua
334 1760 523 1857 praeterito
541 1759 641 1834 facta
658 1761 801 1859 pudore
821 1758 947 1833 refers

82 2002 163 2052 ardus.
180 1999 244 2067 quod
261 1999 293 2050 ad
310 2009 400 2050 vestem
417 2000 578 2050 tenuissimam

82 2074 146 2125 refer.
163 2076 294 2135 Homerus.
328 2073 415 2124 Recte.
433 2083 460 2123 nt
471 2075 488 2124 i.
499 2075 579 2126 Amor.

82 2148 148 2214 fleg.
166 2153 192 2199 5.
226 2149 277 2197 Nee
290 2150 389 2197 meritum
406 2165 463 2198 rnre
478 2151 579 2198 nomint.

83 2222 142 2272 mele
159 2221 308 2279 niceratus,
324 2231 419 2272 etcum
437 2221 523 2271 ‹lucern
540 2238 579 2271 se·

83 2313 154 2362 quens
161 2296 292 2363 Crispinus,
303 2295 402 2361 capiunt
412 2295 444 2344 de
454 2296 519 2344 tenui
531 2312 580 2345 nra-

82 2370 138 2419 terie
153 2371 282 2435 elegorum,
293 2368 381 2435 quibus
397 2370 512 2419 amatorio
527 2370 580 2418 des·

82 2443 209 2494 eribuntur.
242 2444 357 2492 Mrmur.

115 2519 154 2568 12.
172 2518 243 2566 Pado
256 2519 351 2580 jacebat
367 2515 454 2580 hum]
481 2517 581 2583 Peplum

85 2590 161 2641 Greci
168 2592 296 2646 vocabant,
303 2598 328 2639 et
339 2588 428 2640 dictem
439 2588 513 2638 trsdit
521 2590 581 2638 Ver·

84 2680 109 2713 ro
121 2665 175 2716 eno
192 2668 235 2715 rod
252 2663 368 2721 πάλλειν,
378 2663 436 2729 quia
451 2663 583 2713 incedentis

86 2749 149 2790 notu
158 2749 183 2790 et
191 2740 243 2806 ipsa
253 2739 405 2788 movebatur:
422 2738 460 2788 vel
468 2738 531 2802 quod
540 2755 581 2800 pn·

87 2815 130 2862 tere
138 2822 163 2863 et
175 2813 229 2863 ioris
239 2813 375 2878 gerebatur.
392 2813 432 2862 De
442 2810 513 2877 Ling.
526 2815 581 2861 Lat.

86 2886 117 2936 iv.
136 2889 177 2937 ³0.
209 2886 278 2935 Male
299 2885 397 2950 quidam
418 2885 507 2950 pallum
527 2902 582 2934 curn

86 2960 157 3024 pullio
166 2960 339 3019 confuderunt,
354 2959 438 3008 Nonus
449 2960 521 3016 enirn,
533 2961 582 3008 riv.

87 3033 110 3081 7.
141 3041 156 3062 “
168 3033 238 3082 Pulla
248 3042 284 3082 est
294 3033 398 3082 honeste
407 3032 501 3082 mulieri
512 3032 583 3082 vesti·

87 3117 198 3165 mentum,
220 3108 265 3156 hoc
285 3115 330 3164 est,
352 3109 435 3155 tusieae
461 3108 584 3169 pallium?

88 3181 187 3231 Pettium
199 3181 271 3246 igitur
285 3181 356 3246 polim
368 3197 462 3246 quoque
479 3181 585 3247 superin-

84 3255 209 3318 jictebant.
241 3255 333 3303 Auru.

122 3331 160 3378 1³.
179 3330 267 3393 Regale
285 3327 395 3392 renotat]
417 3329 520 3377 stamme
537 3346 587 3378 me·

629 2000 720 2050 dictum
731 2001 821 2066 Lydius
829 2000 936 2065 occipere
946 2001 1041 2048 malim:
1059 2016 1127 2065 prop·

630 2084 696 2125 terea
707 2075 769 2141 qnod
787 2074 871 2132 multa,
885 2090 939 2139 quae
954 2074 985 2123 ad
1001 2090 1050 2122 rern
1067 2073 1128 2123 ludi·

630 2164 695 2198 cram
705 2149 855 2215 pertinento
865 2147 938 2212 Lydis
948 2148 1045 2197 invento
1055 2147 1130 2196 suere.

630 2224 661 2273 Id
681 2224 745 2290 quod
763 2232 788 2274 ot
807 2222 940 2272 Herodotus
953 2230 1054 2271 testatur
1071 2222 1131 2269 libro

631 2298 713 2363 primo,
724 2300 794 2363 cujus
804 2298 856 2346 hare
866 2305 921 2345 snut
932 2298 1017 2345 verbs:
1030 2297 1095 2344 Φασὶ
1106 2293 1130 2342 δὲ

631 2373 702 2423 αὐτοὶ
714 2370 788 2422 Λυδοὶ
799 2373 839 2420 καὶ
847 2372 893 2428 τὰς
902 2369 1021 2433 παιγνίας
1027 2369 1073 2426 τὰς
1083 2368 1131 2416 νῦν

631 2448 697 2512 σφίσι
720 2464 745 2495 rs
767 2446 809 2495 rai
827 2443 931 2504 Ἐλλὴσι
952 2442 1129 2498 κατεστεώσας,

631 2519 730 2570 ἑωυτῶν
738 2517 858 2583 ἐξεύρημα
867 2513 989 2580 γένεσθαι,
1001 2512 1047 2562 dte.
1081 2513 1131 2562 Ne·

632 2608 680 2657 que
691 2602 770 2641 tamen
780 2589 851 2638 anxie
861 2605 903 2653 pro
913 2587 958 2635 hae
969 2602 994 2634 re
1004 2585 1132 2635 contende-

632 2666 686 2713 rim.
719 2665 817 2711 Mrcrr.

664 2740 707 2787 20.
725 2739 799 2799 Atque
817 2738 860 2790 oit,
881 2734 936 2789 Hir,
954 2735 990 2781 hie
1009 2732 1062 2797 est]
1086 2732 1133 2780 Hic

632 2814 673 2860 uo
691 2821 723 2859 ort
741 2809 895 2857 Sarrovinnns
914 2822 969 2855 curn
989 2807 1065 2870 prirnd
1083 2806 1134 2854 edi·

633 2886 708 2934 tione.
741 2882 789 2931 Adi
806 2882 884 2930 Notas
898 2881 1001 2928 Metam
1017 2879 1052 2927 ri.
1071 2895 1133 2928 vers.

634 2961 658 3008 6.
675 2959 806 3007 Humerus.
838 2953 905 3003 Nihil
916 2961 990 3008 muto,
1001 2969 1044 3001 nec
1055 2962 1135 3001 temen

634 3048 704 3097 nego,
715 3031 786 3080 etism
803 3044 866 3094 saepe
877 3027 982 3092 reperiri,
992 3029 1030 3075 hic
1046 3027 1085 3074 ru.
1095 3036 1136 3081 est,

636 3107 690 3157 vide
701 3104 811 3170 exempla
821 3102 884 3168 apud
896 3100 1016 3149 Rumirer.
1028 3099 1059 3148 ad
1069 3101 1135 3148 Mer·

636 3182 687 3230 tial.
698 3181 716 3229 i.
731 3183 754 3227 l.
764 3178 850 3242 quibus
858 3175 920 3224 udde
932 3174 1048 3239 insignem
1059 3175 1136 3222 locum

635 3256 732 3303 Terent.
745 3253 822 3300 Andr.
834 3250 865 3298 is.
877 3250 910 3298 iv.
923 3250 964 3296 47.
992 3250 1039 3298 Hie
1050 3259 1080 3297 est
1090 3251 1137 3298 on.

637 3330 678 3379 ubi
700 3329 789 3377 Donat.
825 3327 883 3373 Cum
903 3323 1002 3389 tppdorr
1022 3327 1086 3388 qrrori
1103 3326 1139 3371 vir

88 3403 156 3452 liores
172 3402 226 3453 libri
242 3418 329 3468 magno
340 3418 500 3452 numerosum
512 3404 588 3467 primo
637 3419 741 3468 magnus,
760 3403 798 3450 sod
815 3401 855 3448 troc
871 3400 1008 3448 Chremetem
1024 3402 1140 3448 ostendeus

88 3476 200 3527 editione.
216 3477 350 3526 iirrssros.
382 3475 479 3524 Terrebat
491 3475 589 3525 retineo.

639 3481 695 3527 dicit
706 3496 757 3526 com
769 3474 885 3541 εἰρωνείᾳ.
903 3483 928 3523 et
944 3475 978 3523 its
996 3474 1060 3541 apud
1072 3474 1139 3522 Grae-

89 3549 164 3615 Epist.
176 3549 225 3599 xvi.
238 3551 294 3599 175.
328 3550 422 3612 Sceptra
437 3566 521 3611 parens
531 3551 589 3597 Asine
639 3551 770 3609 οοσοὶὶτος,
779 3558 805 3598 ut
816 3550 898 3597 Actor.
910 3548 959 3597 ui.
968 3551 1010 3597 28.
1022 3546 1062 3596 ubi
1071 3546 1140 3610 plura

89 3632 157 3672 teret.
175 3631 201 3671 et
212 3622 298 3672 meiius
308 3621 419 3671 oonvenit
429 3624 466 3685 τῷ
477 3624 532 3671 late.
550 3623 589 3671 De
640 3625 753 3675 l'rieaeus.
786 3624 877 3672 Burrrr.

90 3694 150 3745 loss
161 3712 234 3745 manu
244 3695 310 3761 quod
322 3694 416 3744 Marius
432 3704 507 3752 notat,
519 3711 589 3761 nngre
672 3700 713 3748 21.
725 3698 836 3759 Febrim]
851 3697 888 3744 Ita
899 3693 1031 3748 Terentius,
1043 3692 1139 3754 Proper-

91 3779 155 3818 sunt.
188 3770 279 3818 Buris.

126 3844 162 3890 14.
180 3843 269 3905 Lydius
289 3851 344 3904 opto
361 3845 442 3905 pedum
458 3843 534 3890 vineto
553 3858 589 3889 eo-

641 3771 697 3827 tius,
710 3780 735 3820 et
745 3770 799 3835 quis
809 3773 875 3818 nont
891 3776 916 3816 et
929 3767 1038 3816 omnibus
1048 3771 1139 3810 notum.

640 3844 683 3894 sed
694 3844 719 3892 in
729 3843 810 3908 primis
821 3843 868 3890 huc
879 3840 936 3888 iacit
947 3835 1076 3888 locusJobi
1084 3851 1140 3899 cap.

92 3916 190 3964 thurum
205 3916 279 3978 erat]
299 3915 400 3978 Lydium
416 3931 458 3980 pro
473 3916 591 3964 Hetrusco
641 3935 697 3967 κη.
708 3919 733 3965 9.
749 3916 790 3965 ubi
800 3917 876 3964 Jobus
886 3912 953 3968 dicit,
963 3929 985 3959 ro
1001 3910 1139 3957 cantilenam

92 3986 130 4036 hie
142 3990 228 4054 accipit
238 3990 424 4039 Commentator.
435 3988 502 4052 quasi
512 3988 590 4036 Graeci
633 3990 727 4053 facum
737 3990 863 4048 impiorum.
872 3980 1141 4044 ubiGraecidpr'rtdqpu,

92 4062 122 4108 ab
134 4061 256 4112 Hetruscis
265 4061 417 4125 Tragoediam
427 4069 451 4109 et
462 4061 514 4125 ejus
523 4077 590 4108 orna·

641 4063 705 4127 qnod
726 4069 790 4108 notat
811 4060 836 4107 in
854 4058 958 4106 omnium
975 4071 1015 4103 ore
1031 4070 1097 4114 esse;
1115 4068 1141 4105 ut

92 4140 142 4183 tum
164 4135 321 4202 recepissent.
355 4136 407 4199 1¹40
427 4150 480 4182 vero
500 4133 590 4198 proprie
642 4134 735 4185 Helena
752 4132 811 4180 dreit
822 4130 896 4196 Epist.
908 4130 964 4179 xvii.
983 4128 1024 4176 34.
1041 4126 1076 4176 its
1093 4128 1142 4180 ele·
