<?xml version="1.0" encoding="UTF-8"?>
<!DOCTYPE html PUBLIC "-//W3C//DTD XHTML 1.0 Transitional//EN"
    "http://www.w3.org/TR/xhtml1/DTD/xhtml1-transitional.dtd">
<html xmlns="http://www.w3.org/1999/xhtml" xml:lang="en" lang="en">
 <head>
  <title>
</title>
<meta http-equiv="Content-Type" content="text/html;charset=utf-8" />
  <meta name='ocr-system' content='tesseract 3.04.00' />
  <meta name='ocr-capabilities' content='ocr_page ocr_carea ocr_par ocr_line ocrx_word'/>
</head>
<body>
  <div class='ocr_page' id='page_1' title='image "./povidiinasoniso01burmgoog_0370.png"; bbox 0 0 2896 4980; ppageno 0'>
   <div class='ocr_carea' id='block_1_1' title="bbox 195 315 953 385">
    <p class='ocr_par' dir='ltr' id='par_1_1' title="bbox 195 315 953 385">
     <span class='ocr_line' id='line_1_1' title="bbox 195 315 953 385; baseline -0.005 0"><span class='ocrx_word' id='word_1_1' title='bbox 195 320 261 385; x_wconf 78' lang='lat'>87⁰</span> <span class='ocrx_word' id='word_1_2' title='bbox 492 316 529 381; x_wconf 89' lang='lat' dir='ltr'>P.</span> <span class='ocrx_word' id='word_1_3' title='bbox 555 315 717 383; x_wconf 82' lang='lat' dir='ltr'>ovlun</span> <span class='ocrx_word' id='word_1_4' title='bbox 741 315 953 381; x_wconf 77' lang='lat' dir='ltr'>NASONIS</span> 
     </span>
    </p>
   </div>
   <div class='ocr_carea' id='block_1_2' title="bbox 122 491 1243 3489">
    <p class='ocr_par' dir='ltr' id='par_1_2' title="bbox 199 491 1185 704">
     <span class='ocr_line' id='line_1_2' title="bbox 199 491 1185 588; baseline 0.001 -24"><span class='ocrx_word' id='word_1_5' title='bbox 199 492 274 564; x_wconf 82' lang='lat' dir='ltr'>Per</span> <span class='ocrx_word' id='word_1_6' title='bbox 290 503 328 564; x_wconf 89' lang='lat' dir='ltr'>te</span> <span class='ocrx_word' id='word_1_7' title='bbox 346 515 416 587; x_wconf 82' lang='lat' dir='ltr'>ego</span> <span class='ocrx_word' id='word_1_8' title='bbox 433 491 620 588; x_wconf 84' lang='lat' dir='ltr'>decipior:</span> <span class='ocrx_word' id='word_1_9' title='bbox 650 513 718 587; x_wconf 87' lang='lat' dir='ltr'>per</span> <span class='ocrx_word' id='word_1_10' title='bbox 735 501 772 563; x_wconf 90' lang='lat' dir='ltr'>te</span> <span class='ocrx_word' id='word_1_11' title='bbox 790 491 998 588; x_wconf 86' lang='lat' dir='ltr'>deprensus</span> <span class='ocrx_word' id='word_1_12' title='bbox 1017 491 1185 579; x_wconf 80' lang='lat' dir='ltr'>ineunis,</span> 
     </span>
     <span class='ocr_line' id='line_1_3' title="bbox 251 606 998 704; baseline 0.003 -26"><span class='ocrx_word' id='word_1_13' title='bbox 251 606 352 681; x_wconf 91' lang='lat' dir='ltr'>Ecce</span> <span class='ocrx_word' id='word_1_14' title='bbox 370 609 464 681; x_wconf 91' lang='lat' dir='ltr'>duas</span> <span class='ocrx_word' id='word_1_15' title='bbox 483 631 558 679; x_wconf 92' lang='lat' dir='ltr'>uno</span> <span class='ocrx_word' id='word_1_16' title='bbox 577 617 744 702; x_wconf 88' lang='lat' dir='ltr'>tempore</span> <span class='ocrx_word' id='word_1_17' title='bbox 762 606 882 704; x_wconf 87' lang='lat' dir='ltr'>turpis</span> <span class='ocrx_word' id='word_1_18' title='bbox 900 629 998 680; x_wconf 88' lang='lat' dir='ltr'>amo.</span> 
     </span>
    </p>

    <p class='ocr_par' dir='ltr' id='par_1_3' title="bbox 200 721 1243 1054">
     <span class='ocr_line' id='line_1_4' title="bbox 202 721 1243 820; baseline 0.007 -27"><span class='ocrx_word' id='word_1_19' title='bbox 202 721 371 820; x_wconf 89' lang='lat' dir='ltr'>Utraque</span> <span class='ocrx_word' id='word_1_20' title='bbox 389 722 551 795; x_wconf 87' lang='lat' dir='ltr'>formosa</span> <span class='ocrx_word' id='word_1_21' title='bbox 568 732 647 795; x_wconf 86' lang='lat' dir='ltr'>est:</span> <span class='ocrx_word' id='word_1_22' title='bbox 677 744 847 819; x_wconf 84' lang='lat' dir='ltr'>operosae</span> <span class='ocrx_word' id='word_1_23' title='bbox 864 722 1029 795; x_wconf 91' lang='lat' dir='ltr'>cultibus</span> <span class='ocrx_word' id='word_1_24' title='bbox 1046 725 1191 800; x_wconf 78' lang='lat' dir='ltr'>ambre:</span> <span class='ocrx_word' id='word_1_25' title='bbox 1221 729 1243 799; x_wconf 79' lang='lat' dir='ltr'>d</span> 
     </span>
     <span class='ocr_line' id='line_1_5' title="bbox 250 837 1172 936; baseline 0.004 -26"><span class='ocrx_word' id='word_1_26' title='bbox 250 839 418 926; x_wconf 68' lang='lat' dir='ltr'>Artibus</span> <span class='ocrx_word' id='word_1_27' title='bbox 437 839 474 912; x_wconf 91' lang='lat' dir='ltr'>in</span> <span class='ocrx_word' id='word_1_28' title='bbox 492 837 608 912; x_wconf 91' lang='lat' dir='ltr'>dubio</span> <span class='ocrx_word' id='word_1_29' title='bbox 626 849 696 923; x_wconf 89' lang='lat' dir='ltr'>est,</span> <span class='ocrx_word' id='word_1_30' title='bbox 716 838 796 910; x_wconf 72' lang='lat' dir='ltr'>haec</span> <span class='ocrx_word' id='word_1_31' title='bbox 815 838 876 923; x_wconf 90' lang='lat' dir='ltr'>sit,</span> <span class='ocrx_word' id='word_1_32' title='bbox 895 861 943 911; x_wconf 86' lang='lat' dir='ltr'>an</span> <span class='ocrx_word' id='word_1_33' title='bbox 961 838 1037 924; x_wconf 84' lang='lat' dir='ltr'>illa,</span> <span class='ocrx_word' id='word_1_34' title='bbox 1057 838 1172 936; x_wconf 87' lang='lat' dir='ltr'>prior.</span> 
     </span>
     <span class='ocr_line' id='line_1_6' title="bbox 200 953 1243 1054; baseline 0.007 -29"><span class='ocrx_word' id='word_1_35' title='bbox 200 953 397 1028; x_wconf 80' lang='lat' dir='ltr'>Pulchrior</span> <span class='ocrx_word' id='word_1_36' title='bbox 414 955 485 1028; x_wconf 91' lang='lat' dir='ltr'>hac</span> <span class='ocrx_word' id='word_1_37' title='bbox 510 953 573 1027; x_wconf 89' lang='lat' dir='ltr'>illa</span> <span class='ocrx_word' id='word_1_38' title='bbox 590 965 670 1026; x_wconf 88' lang='lat' dir='ltr'>est:</span> <span class='ocrx_word' id='word_1_39' title='bbox 703 954 783 1026; x_wconf 82' lang='lat' dir='ltr'>haec</span> <span class='ocrx_word' id='word_1_40' title='bbox 802 964 863 1026; x_wconf 88' lang='lat' dir='ltr'>cst</span> <span class='ocrx_word' id='word_1_41' title='bbox 878 976 1033 1050; x_wconf 87' lang='lat' dir='ltr'>quoque</span> <span class='ocrx_word' id='word_1_42' title='bbox 1059 956 1243 1054; x_wconf 82' lang='lat' dir='ltr'>pulchrior</span> 
     </span>
    </p>

    <p class='ocr_par' dir='ltr' id='par_1_4' title="bbox 122 1065 1241 3489">
     <span class='ocr_line' id='line_1_7' title="bbox 122 1065 1239 1168; baseline 0.005 -27"><span class='ocrx_word' id='word_1_43' title='bbox 122 1065 129 1083; x_wconf 70' lang='lat'><strong><em>⁵</em></strong></span> <span class='ocrx_word' id='word_1_44' title='bbox 251 1068 302 1143; x_wconf 88' lang='lat' dir='ltr'>Et</span> <span class='ocrx_word' id='word_1_45' title='bbox 319 1071 438 1167; x_wconf 85' lang='lat' dir='ltr'>magis</span> <span class='ocrx_word' id='word_1_46' title='bbox 457 1069 538 1142; x_wconf 83' lang='lat' dir='ltr'>haec</span> <span class='ocrx_word' id='word_1_47' title='bbox 557 1069 678 1153; x_wconf 89' lang='lat' dir='ltr'>nobis,</span> <span class='ocrx_word' id='word_1_48' title='bbox 697 1080 737 1142; x_wconf 85' lang='lat' dir='ltr'>et</span> <span class='ocrx_word' id='word_1_49' title='bbox 754 1068 874 1165; x_wconf 81' lang='lat' dir='ltr'>magis</span> <span class='ocrx_word' id='word_1_50' title='bbox 892 1069 956 1143; x_wconf 88' lang='lat' dir='ltr'>illa</span> <span class='ocrx_word' id='word_1_51' title='bbox 973 1071 1114 1167; x_wconf 85' lang='lat' dir='ltr'>placet.</span> <span class='ocrx_word' id='word_1_52' title='bbox 1142 1072 1239 1168; x_wconf 61' lang='lat' dir='ltr'>[illa</span> 
     </span>
     <span class='ocr_line' id='line_1_8' title="bbox 201 1184 1074 1274; baseline -0.001 -14"><span class='ocrx_word' id='word_1_53' title='bbox 201 1184 349 1274; x_wconf 79' lang='lat' dir='ltr'>Errant,</span> <span class='ocrx_word' id='word_1_54' title='bbox 368 1198 410 1260; x_wconf 91' lang='lat' dir='ltr'>ut</span> <span class='ocrx_word' id='word_1_55' title='bbox 426 1186 547 1259; x_wconf 90' lang='lat' dir='ltr'>ventis</span> <span class='ocrx_word' id='word_1_56' title='bbox 565 1185 801 1258; x_wconf 87' lang='lat' dir='ltr'><strong>discordibus</strong></span> <span class='ocrx_word' id='word_1_57' title='bbox 819 1194 905 1258; x_wconf 88' lang='lat' dir='ltr'>acta</span> <span class='ocrx_word' id='word_1_58' title='bbox 921 1184 1074 1273; x_wconf 78' lang='lat' dir='ltr'>faselos,</span> 
     </span>
     <span class='ocr_line' id='line_1_9' title="bbox 251 1301 1241 1398; baseline 0.004 -23"><span class='ocrx_word' id='word_1_59' title='bbox 251 1302 531 1398; x_wconf 87' lang='lat' dir='ltr'>Dividuumque</span> <span class='ocrx_word' id='word_1_60' title='bbox 548 1313 679 1375; x_wconf 87' lang='lat' dir='ltr'>tenent</span> <span class='ocrx_word' id='word_1_61' title='bbox 696 1301 789 1374; x_wconf 86' lang='lat' dir='ltr'>alter</span> <span class='ocrx_word' id='word_1_62' title='bbox 807 1312 846 1375; x_wconf 93' lang='lat' dir='ltr'>et</span> <span class='ocrx_word' id='word_1_63' title='bbox 862 1302 957 1375; x_wconf 85' lang='lat' dir='ltr'>alter</span> <span class='ocrx_word' id='word_1_64' title='bbox 974 1327 1092 1379; x_wconf 86' lang='lat' dir='ltr'>amor.</span> <span class='ocrx_word' id='word_1_65' title='bbox 1202 1310 1241 1379; x_wconf 89' lang='lat'>10</span> 
     </span>
     <span class='ocr_line' id='line_1_10' title="bbox 200 1416 1205 1515; baseline 0.004 -23"><span class='ocrx_word' id='word_1_66' title='bbox 200 1416 299 1502; x_wconf 86' lang='lat' dir='ltr'>Quid</span> <span class='ocrx_word' id='word_1_67' title='bbox 319 1419 500 1515; x_wconf 85' lang='lat' dir='ltr'>geminas,</span> <span class='ocrx_word' id='word_1_68' title='bbox 522 1416 698 1515; x_wconf 87' lang='lat' dir='ltr'>Erycina,</span> <span class='ocrx_word' id='word_1_69' title='bbox 718 1440 823 1490; x_wconf 91' lang='lat' dir='ltr'>meos</span> <span class='ocrx_word' id='word_1_70' title='bbox 840 1417 921 1491; x_wconf 89' lang='lat' dir='ltr'>sine</span> <span class='ocrx_word' id='word_1_71' title='bbox 938 1417 1014 1493; x_wconf 87' lang='lat' dir='ltr'>fine</span> <span class='ocrx_word' id='word_1_72' title='bbox 1031 1420 1205 1496; x_wconf 73' lang='lat' dir='ltr'>dolores?</span> 
     </span>
     <span class='ocr_line' id='line_1_11' title="bbox 235 1533 1039 1631; baseline 0.004 -25"><span class='ocrx_word' id='word_1_73' title='bbox 235 1618 238 1622; x_wconf 41' lang='grc'><strong>,</strong></span> <span class='ocrx_word' id='word_1_74' title='bbox 253 1535 388 1608; x_wconf 89' lang='lat' dir='ltr'>Nonne</span> <span class='ocrx_word' id='word_1_75' title='bbox 407 1545 487 1608; x_wconf 90' lang='lat' dir='ltr'>erat</span> <span class='ocrx_word' id='word_1_76' title='bbox 504 1534 542 1605; x_wconf 94' lang='lat' dir='ltr'>in</span> <span class='ocrx_word' id='word_1_77' title='bbox 560 1557 668 1606; x_wconf 89' lang='lat' dir='ltr'>curas</span> <span class='ocrx_word' id='word_1_78' title='bbox 687 1556 761 1606; x_wconf 92' lang='lat' dir='ltr'>una</span> <span class='ocrx_word' id='word_1_79' title='bbox 777 1533 904 1631; x_wconf 85' lang='lat' dir='ltr'>puella</span> <span class='ocrx_word' id='word_1_80' title='bbox 920 1534 1039 1609; x_wconf 71' lang='lat' dir='ltr'>satis?</span> 
     </span>
     <span class='ocr_line' id='line_1_12' title="bbox 201 1648 1145 1747; baseline 0.004 -24"><span class='ocrx_word' id='word_1_81' title='bbox 201 1648 303 1734; x_wconf 87' lang='lat' dir='ltr'>Quid</span> <span class='ocrx_word' id='word_1_82' title='bbox 320 1650 408 1724; x_wconf 87' lang='lat' dir='ltr'>folia</span> <span class='ocrx_word' id='word_1_83' title='bbox 425 1649 632 1735; x_wconf 68' lang='lat' dir='ltr'>arboribus</span> <span class='ocrx_word' id='word_1_84' title='bbox 653 1648 745 1744; x_wconf 94' lang='lat' dir='ltr'>quid</span> <span class='ocrx_word' id='word_1_85' title='bbox 762 1649 874 1747; x_wconf 90' lang='lat' dir='ltr'>pleno</span> <span class='ocrx_word' id='word_1_86' title='bbox 892 1651 1018 1724; x_wconf 86' lang='lat' dir='ltr'>sidera</span> <span class='ocrx_word' id='word_1_87' title='bbox 1034 1653 1145 1739; x_wconf 86' lang='lat' dir='ltr'>coelo,</span> 
     </span>
     <span class='ocr_line' id='line_1_13' title="bbox 252 1765 1100 1865; baseline 0.006 -27"><span class='ocrx_word' id='word_1_88' title='bbox 252 1767 297 1839; x_wconf 91' lang='lat' dir='ltr'>In</span> <span class='ocrx_word' id='word_1_89' title='bbox 315 1767 410 1840; x_wconf 81' lang='lat' dir='ltr'>freta</span> <span class='ocrx_word' id='word_1_90' title='bbox 427 1767 607 1840; x_wconf 84' lang='lat' dir='ltr'>coiiectas</span> <span class='ocrx_word' id='word_1_91' title='bbox 625 1765 700 1839; x_wconf 86' lang='lat' dir='ltr'>alta</span> <span class='ocrx_word' id='word_1_92' title='bbox 717 1765 809 1862; x_wconf 95' lang='lat' dir='ltr'>quid</span> <span class='ocrx_word' id='word_1_93' title='bbox 827 1766 935 1840; x_wconf 85' lang='lat' dir='ltr'>addis</span> <span class='ocrx_word' id='word_1_94' title='bbox 953 1769 1100 1865; x_wconf 72' lang='lat' dir='ltr'>aquas?</span> 
     </span>
     <span class='ocr_line' id='line_1_14' title="bbox 205 1881 1237 1981; baseline 0.004 -28"><span class='ocrx_word' id='word_1_95' title='bbox 205 1882 281 1955; x_wconf 88' lang='lat' dir='ltr'>Sed</span> <span class='ocrx_word' id='word_1_96' title='bbox 293 1893 419 1955; x_wconf 89' lang='lat' dir='ltr'>tamen</span> <span class='ocrx_word' id='word_1_97' title='bbox 430 1882 500 1955; x_wconf 92' lang='lat' dir='ltr'>hoc</span> <span class='ocrx_word' id='word_1_98' title='bbox 515 1882 661 1966; x_wconf 84' lang='lat' dir='ltr'>melius,</span> <span class='ocrx_word' id='word_1_99' title='bbox 671 1904 784 1976; x_wconf 88' lang='lat' dir='ltr'>quam</span> <span class='ocrx_word' id='word_1_100' title='bbox 795 1881 827 1953; x_wconf 90' lang='lat' dir='ltr'>si</span> <span class='ocrx_word' id='word_1_101' title='bbox 838 1882 918 1956; x_wconf 87' lang='lat' dir='ltr'>sine</span> <span class='ocrx_word' id='word_1_102' title='bbox 932 1906 1060 1957; x_wconf 88' lang='lat' dir='ltr'>amore</span> <span class='ocrx_word' id='word_1_103' title='bbox 1067 1886 1237 1981; x_wconf 76' lang='lat' dir='ltr'>Jacerem.</span> 
     </span>
     <span class='ocr_line' id='line_1_15' title="bbox 251 1996 1238 2074; baseline 0.006 -6"><span class='ocrx_word' id='word_1_104' title='bbox 251 1996 435 2071; x_wconf 84' lang='lat' dir='ltr'>Hostibus</span> <span class='ocrx_word' id='word_1_105' title='bbox 454 1998 600 2071; x_wconf 89' lang='lat' dir='ltr'>eveniat</span> <span class='ocrx_word' id='word_1_106' title='bbox 617 1997 694 2071; x_wconf 85' lang='lat' dir='ltr'>vita</span> <span class='ocrx_word' id='word_1_107' title='bbox 711 2022 841 2072; x_wconf 87' lang='lat' dir='ltr'>severa</span> <span class='ocrx_word' id='word_1_108' title='bbox 858 1999 965 2074; x_wconf 89' lang='lat' dir='ltr'>meis.</span> <span class='ocrx_word' id='word_1_109' title='bbox 1202 2004 1238 2074; x_wconf 88' lang='lat'>16</span> 
     </span>
     <span class='ocr_line' id='line_1_16' title="bbox 202 2112 1004 2200; baseline 0.004 -15"><span class='ocrx_word' id='word_1_110' title='bbox 202 2112 385 2186; x_wconf 86' lang='lat' dir='ltr'>Hostibus</span> <span class='ocrx_word' id='word_1_111' title='bbox 404 2115 551 2187; x_wconf 88' lang='lat' dir='ltr'>eveniat</span> <span class='ocrx_word' id='word_1_112' title='bbox 568 2113 680 2186; x_wconf 91' lang='lat' dir='ltr'>viduo</span> <span class='ocrx_word' id='word_1_113' title='bbox 696 2115 858 2188; x_wconf 83' lang='lat' dir='ltr'>dormire</span> <span class='ocrx_word' id='word_1_114' title='bbox 875 2116 1004 2200; x_wconf 91' lang='lat' dir='ltr'>cubili,</span> 
     </span>
     <span class='ocr_line' id='line_1_17' title="bbox 253 2229 1003 2328; baseline 0.004 -27"><span class='ocrx_word' id='word_1_115' title='bbox 253 2229 303 2302; x_wconf 89' lang='lat' dir='ltr'>Et</span> <span class='ocrx_word' id='word_1_116' title='bbox 320 2230 444 2303; x_wconf 92' lang='lat' dir='ltr'>medio</span> <span class='ocrx_word' id='word_1_117' title='bbox 463 2231 548 2304; x_wconf 88' lang='lat' dir='ltr'>laxe</span> <span class='ocrx_word' id='word_1_118' title='bbox 566 2254 707 2328; x_wconf 91' lang='lat' dir='ltr'>ponere</span> <span class='ocrx_word' id='word_1_119' title='bbox 725 2232 896 2304; x_wconf 89' lang='lat' dir='ltr'>membra</span> <span class='ocrx_word' id='word_1_120' title='bbox 910 2241 1003 2304; x_wconf 89' lang='lat' dir='ltr'>toro.</span> 
     </span>
     <span class='ocr_line' id='line_1_18' title="bbox 201 2344 1185 2443; baseline 0.005 -26"><span class='ocrx_word' id='word_1_121' title='bbox 201 2344 253 2418; x_wconf 83' lang='lat' dir='ltr'>At</span> <span class='ocrx_word' id='word_1_122' title='bbox 271 2346 361 2418; x_wconf 92' lang='lat' dir='ltr'>mihi</span> <span class='ocrx_word' id='word_1_123' title='bbox 380 2370 501 2418; x_wconf 87' lang='lat' dir='ltr'>saevus</span> <span class='ocrx_word' id='word_1_124' title='bbox 519 2370 622 2418; x_wconf 93' lang='lat' dir='ltr'>amor</span> <span class='ocrx_word' id='word_1_125' title='bbox 641 2370 791 2419; x_wconf 90' lang='lat' dir='ltr'>somnos</span> <span class='ocrx_word' id='word_1_126' title='bbox 809 2347 1009 2443; x_wconf 88' lang='lat' dir='ltr'>abrumpat</span> <span class='ocrx_word' id='word_1_127' title='bbox 1026 2347 1185 2422; x_wconf 87' lang='lat' dir='ltr'>inertes:</span> 
     </span>
     <span class='ocr_line' id='line_1_19' title="bbox 254 2462 1236 2558; baseline 0.002 -24"><span class='ocrx_word' id='word_1_128' title='bbox 254 2462 410 2558; x_wconf 87' lang='lat' dir='ltr'>Simque</span> <span class='ocrx_word' id='word_1_129' title='bbox 429 2463 502 2535; x_wconf 91' lang='lat' dir='ltr'>mei</span> <span class='ocrx_word' id='word_1_130' title='bbox 520 2462 608 2536; x_wconf 87' lang='lat' dir='ltr'>lecti</span> <span class='ocrx_word' id='word_1_131' title='bbox 627 2488 702 2535; x_wconf 93' lang='lat' dir='ltr'>non</span> <span class='ocrx_word' id='word_1_132' title='bbox 720 2487 791 2558; x_wconf 87' lang='lat' dir='ltr'>ego</span> <span class='ocrx_word' id='word_1_133' title='bbox 809 2462 910 2535; x_wconf 92' lang='lat' dir='ltr'>solus</span> <span class='ocrx_word' id='word_1_134' title='bbox 928 2487 1037 2536; x_wconf 88' lang='lat' dir='ltr'>onus.</span> <span class='ocrx_word' id='word_1_135' title='bbox 1194 2468 1236 2536; x_wconf 73' lang='lat'>20</span> 
     </span>
     <span class='ocr_line' id='line_1_20' title="bbox 203 2576 1130 2677; baseline 0.004 -28"><span class='ocrx_word' id='word_1_136' title='bbox 203 2576 268 2650; x_wconf 89' lang='lat' dir='ltr'>Me</span> <span class='ocrx_word' id='word_1_137' title='bbox 287 2601 372 2650; x_wconf 84' lang='lat' dir='ltr'>mea</span> <span class='ocrx_word' id='word_1_138' title='bbox 389 2578 594 2675; x_wconf 86' lang='lat' dir='ltr'>disperdat,</span> <span class='ocrx_word' id='word_1_139' title='bbox 615 2578 716 2650; x_wconf 83' lang='lat' dir='ltr'>nullo</span> <span class='ocrx_word' id='word_1_140' title='bbox 734 2577 970 2676; x_wconf 87' lang='lat' dir='ltr'>prohibente,</span> <span class='ocrx_word' id='word_1_141' title='bbox 990 2580 1130 2677; x_wconf 90' lang='lat' dir='ltr'>puella,</span> 
     </span>
     <span class='ocr_line' id='line_1_21' title="bbox 253 2693 1088 2792; baseline 0.006 -27"><span class='ocrx_word' id='word_1_142' title='bbox 253 2693 293 2766; x_wconf 89' lang='lat' dir='ltr'>Si</span> <span class='ocrx_word' id='word_1_143' title='bbox 313 2693 405 2767; x_wconf 90' lang='lat' dir='ltr'>satis</span> <span class='ocrx_word' id='word_1_144' title='bbox 423 2719 499 2768; x_wconf 87' lang='lat' dir='ltr'>una</span> <span class='ocrx_word' id='word_1_145' title='bbox 515 2705 662 2792; x_wconf 89' lang='lat' dir='ltr'>potest:</span> <span class='ocrx_word' id='word_1_146' title='bbox 692 2694 723 2766; x_wconf 93' lang='lat' dir='ltr'>si</span> <span class='ocrx_word' id='word_1_147' title='bbox 741 2694 864 2766; x_wconf 92' lang='lat' dir='ltr'>minus</span> <span class='ocrx_word' id='word_1_148' title='bbox 882 2718 969 2782; x_wconf 90' lang='lat' dir='ltr'>una,</span> <span class='ocrx_word' id='word_1_149' title='bbox 989 2696 1088 2770; x_wconf 86' lang='lat' dir='ltr'>duae.</span> 
     </span>
     <span class='ocr_line' id='line_1_22' title="bbox 203 2810 1178 2907; baseline 0.006 -26"><span class='ocrx_word' id='word_1_150' title='bbox 203 2810 399 2883; x_wconf 87' lang='lat' dir='ltr'>Sufficiant</span> <span class='ocrx_word' id='word_1_151' title='bbox 416 2811 587 2907; x_wconf 82' lang='lat' dir='ltr'>graciles,</span> <span class='ocrx_word' id='word_1_152' title='bbox 608 2811 675 2884; x_wconf 90' lang='lat' dir='ltr'>sed</span> <span class='ocrx_word' id='word_1_153' title='bbox 693 2835 767 2883; x_wconf 91' lang='lat' dir='ltr'>non</span> <span class='ocrx_word' id='word_1_154' title='bbox 785 2811 865 2884; x_wconf 91' lang='lat' dir='ltr'>sine</span> <span class='ocrx_word' id='word_1_155' title='bbox 883 2811 1036 2898; x_wconf 86' lang='lat' dir='ltr'>viribus,</span> <span class='ocrx_word' id='word_1_156' title='bbox 1056 2823 1178 2887; x_wconf 75' lang='lat' dir='ltr'>anns:</span> 
     </span>
     <span class='ocr_line' id='line_1_23' title="bbox 252 2922 1163 3023; baseline 0.008 -29"><span class='ocrx_word' id='word_1_157' title='bbox 252 2922 436 3011; x_wconf 89' lang='lat' dir='ltr'>Pondere,</span> <span class='ocrx_word' id='word_1_158' title='bbox 457 2951 531 2999; x_wconf 91' lang='lat' dir='ltr'>non</span> <span class='ocrx_word' id='word_1_159' title='bbox 550 2926 684 3011; x_wconf 90' lang='lat' dir='ltr'>nervis,</span> <span class='ocrx_word' id='word_1_160' title='bbox 704 2950 860 3023; x_wconf 91' lang='lat' dir='ltr'>corpora</span> <span class='ocrx_word' id='word_1_161' title='bbox 878 2937 1005 2999; x_wconf 89' lang='lat' dir='ltr'>nostra</span> <span class='ocrx_word' id='word_1_162' title='bbox 1022 2941 1163 3002; x_wconf 86' lang='lat' dir='ltr'>carent.</span> 
     </span>
     <span class='ocr_line' id='line_1_24' title="bbox 204 3039 1234 3140; baseline 0.003 -28"><span class='ocrx_word' id='word_1_163' title='bbox 204 3039 254 3112; x_wconf 89' lang='lat' dir='ltr'>Et</span> <span class='ocrx_word' id='word_1_164' title='bbox 270 3041 375 3114; x_wconf 85' lang='lat' dir='ltr'>lateri</span> <span class='ocrx_word' id='word_1_165' title='bbox 394 3043 501 3115; x_wconf 91' lang='lat' dir='ltr'>dabit</span> <span class='ocrx_word' id='word_1_166' title='bbox 518 3045 556 3115; x_wconf 91' lang='lat' dir='ltr'>in</span> <span class='ocrx_word' id='word_1_167' title='bbox 574 3044 670 3116; x_wconf 89' lang='lat' dir='ltr'>vires</span> <span class='ocrx_word' id='word_1_168' title='bbox 689 3044 866 3116; x_wconf 85' lang='lat' dir='ltr'>alimenta</span> <span class='ocrx_word' id='word_1_169' title='bbox 882 3042 1067 3140; x_wconf 86' lang='lat' dir='ltr'>voluptas.</span> <span class='ocrx_word' id='word_1_170' title='bbox 1196 3044 1234 3115; x_wconf 68' lang='lat'>25</span> 
     </span>
     <span class='ocr_line' id='line_1_25' title="bbox 253 3140 1195 3258; baseline 0.01 -32"><span class='ocrx_word' id='word_1_171' title='bbox 253 3155 425 3254; x_wconf 89' lang='lat' dir='ltr'>Decepta</span> <span class='ocrx_word' id='word_1_172' title='bbox 442 3167 500 3232; x_wconf 86' lang='lat' dir='ltr'>est</span> <span class='ocrx_word' id='word_1_173' title='bbox 517 3161 633 3257; x_wconf 74' lang='lat' dir='ltr'>operit</span> <span class='ocrx_word' id='word_1_174' title='bbox 654 3160 755 3232; x_wconf 81' lang='lat' dir='ltr'>nulia</span> <span class='ocrx_word' id='word_1_175' title='bbox 772 3159 897 3258; x_wconf 90' lang='lat' dir='ltr'>puella</span> <span class='ocrx_word' id='word_1_176' title='bbox 913 3163 1013 3234; x_wconf 79' lang='lat' dir='ltr'>med.</span> <span class='ocrx_word' id='word_1_177' title='bbox 1185 3140 1195 3161; x_wconf 64' lang='lat'>⁸</span> 
     </span>
     <span class='ocr_line' id='line_1_26' title="bbox 205 3270 1140 3375; baseline 0.011 -35"><span class='ocrx_word' id='word_1_178' title='bbox 205 3270 317 3367; x_wconf 88' lang='lat' dir='ltr'>Saepe</span> <span class='ocrx_word' id='word_1_179' title='bbox 335 3296 419 3367; x_wconf 86' lang='lat' dir='ltr'>ego,</span> <span class='ocrx_word' id='word_1_180' title='bbox 439 3276 586 3348; x_wconf 84' lang='lat' dir='ltr'>lascivae</span> <span class='ocrx_word' id='word_1_181' title='bbox 604 3289 802 3351; x_wconf 89' lang='lat' dir='ltr'>consumto</span> <span class='ocrx_word' id='word_1_182' title='bbox 820 3287 988 3375; x_wconf 89' lang='lat' dir='ltr'>tempore</span> <span class='ocrx_word' id='word_1_183' title='bbox 1006 3277 1140 3363; x_wconf 86' lang='lat' dir='ltr'>noctis,</span> 
     </span>
     <span class='ocr_line' id='line_1_27' title="bbox 254 3383 922 3489; baseline 0.015 -35"><span class='ocrx_word' id='word_1_184' title='bbox 254 3383 379 3472; x_wconf 88' lang='lat' dir='ltr'>Utilis,</span> <span class='ocrx_word' id='word_1_185' title='bbox 399 3399 437 3461; x_wconf 90' lang='lat' dir='ltr'>et</span> <span class='ocrx_word' id='word_1_186' title='bbox 454 3389 538 3463; x_wconf 86' lang='lat' dir='ltr'>sorti</span> <span class='ocrx_word' id='word_1_187' title='bbox 557 3415 711 3489; x_wconf 88' lang='lat' dir='ltr'>corpore</span> <span class='ocrx_word' id='word_1_188' title='bbox 730 3417 840 3466; x_wconf 93' lang='lat' dir='ltr'>mane</span> <span class='ocrx_word' id='word_1_189' title='bbox 857 3392 922 3466; x_wconf 91' lang='lat' dir='ltr'>sui.</span> 
     </span>
    </p>
   </div>
   <div class='ocr_carea' id='block_1_3' title="bbox 195 3614 1239 4210">
    <p class='ocr_par' dir='ltr' id='par_1_5' title="bbox 195 3614 1239 4136">
     <span class='ocr_line' id='line_1_28' title="bbox 233 3614 1237 3684; baseline 0.015 -22"><span class='ocrx_word' id='word_1_190' title='bbox 233 3616 257 3662; x_wconf 86' lang='lat'>7.</span> <span class='ocrx_word' id='word_1_191' title='bbox 276 3614 591 3684; x_wconf 61' lang='lat' dir='ltr'>panormeorum]</span> <span class='ocrx_word' id='word_1_192' title='bbox 611 3621 701 3672; x_wconf 78' lang='lat' dir='ltr'>Erre·</span> <span class='ocrx_word' id='word_1_193' title='bbox 752 3626 913 3683; x_wconf 63' lang='lat' dir='ltr'>bononiam.</span> <span class='ocrx_word' id='word_1_194' title='bbox 946 3626 1110 3677; x_wconf 69' lang='lat' dir='ltr'>Nauorsrus.</span> <span class='ocrx_word' id='word_1_195' title='bbox 1143 3627 1173 3677; x_wconf 82' lang='lat' dir='ltr'>ln</span> <span class='ocrx_word' id='word_1_196' title='bbox 1186 3624 1237 3676; x_wconf 63' lang='lat' dir='ltr'>ui·</span> 
     </span>
     <span class='ocr_line' id='line_1_29' title="bbox 198 3688 1238 3766; baseline 0.013 -27"><span class='ocrx_word' id='word_1_197' title='bbox 198 3697 263 3741; x_wconf 80' lang='lat' dir='ltr'>tusto</span> <span class='ocrx_word' id='word_1_198' title='bbox 285 3688 367 3739; x_wconf 82' lang='lat' dir='ltr'>codice</span> <span class='ocrx_word' id='word_1_199' title='bbox 394 3691 530 3757; x_wconf 81' lang='lat' dir='ltr'>legendum,</span> <span class='ocrx_word' id='word_1_200' title='bbox 553 3696 603 3753; x_wconf 77' lang='lat' dir='ltr'>hoc,</span> <span class='ocrx_word' id='word_1_201' title='bbox 625 3698 701 3746; x_wconf 81' lang='lat' dir='ltr'>ursit</span> <span class='ocrx_word' id='word_1_202' title='bbox 751 3699 871 3765; x_wconf 84' lang='lat' dir='ltr'>quioribus</span> <span class='ocrx_word' id='word_1_203' title='bbox 902 3700 998 3766; x_wconf 78' lang='lat' dir='ltr'>legitur,</span> <span class='ocrx_word' id='word_1_204' title='bbox 1027 3702 1090 3749; x_wconf 73' lang='lat' dir='ltr'>lare:</span> <span class='ocrx_word' id='word_1_205' title='bbox 1123 3709 1238 3765; x_wconf 66' lang='lat' dir='ltr'>um</span> 
     </span>
     <span class='ocr_line' id='line_1_30' title="bbox 198 3764 1239 3839; baseline 0.012 -26"><span class='ocrx_word' id='word_1_206' title='bbox 198 3764 329 3822; x_wconf 80' lang='lat' dir='ltr'>ablativus,</span> <span class='ocrx_word' id='word_1_207' title='bbox 340 3775 363 3813; x_wconf 79' lang='lat' dir='ltr'>et</span> <span class='ocrx_word' id='word_1_208' title='bbox 380 3769 422 3815; x_wconf 81' lang='lat' dir='ltr'>illu</span> <span class='ocrx_word' id='word_1_209' title='bbox 434 3783 534 3833; x_wconf 82' lang='lat' dir='ltr'>sequens</span> <span class='ocrx_word' id='word_1_210' title='bbox 543 3769 616 3817; x_wconf 91' lang='lat' dir='ltr'>dictio</span> <span class='ocrx_word' id='word_1_211' title='bbox 628 3771 701 3818; x_wconf 90' lang='lat' dir='ltr'>norni-</span> <span class='ocrx_word' id='word_1_212' title='bbox 750 3775 819 3822; x_wconf 82' lang='lat' dir='ltr'>bene.</span> <span class='ocrx_word' id='word_1_213' title='bbox 852 3774 898 3823; x_wconf 67' lang='lat'><em>1110</em></span> <span class='ocrx_word' id='word_1_214' title='bbox 907 3783 995 3831; x_wconf 79' lang='lat' dir='ltr'>autem,</span> <span class='ocrx_word' id='word_1_215' title='bbox 1003 3773 1045 3839; x_wconf 90' lang='lat' dir='ltr'>qui</span> <span class='ocrx_word' id='word_1_216' title='bbox 1055 3774 1120 3825; x_wconf 72' lang='lat' dir='ltr'>solua</span> <span class='ocrx_word' id='word_1_217' title='bbox 1128 3769 1239 3824; x_wconf 58' lang='lat' dir='ltr'>tinen&amp;</span> 
     </span>
     <span class='ocr_line' id='line_1_31' title="bbox 196 3840 1239 3912; baseline 0.012 -23"><span class='ocrx_word' id='word_1_218' title='bbox 196 3840 302 3889; x_wconf 81' lang='lat' dir='ltr'>nativus.</span> <span class='ocrx_word' id='word_1_219' title='bbox 334 3841 447 3891; x_wconf 77' lang='lat' dir='ltr'>Murrus.</span> <span class='ocrx_word' id='word_1_220' title='bbox 480 3843 700 3908; x_wconf 74' lang='lat' dir='ltr'>Praecemeratjam.</span> <span class='ocrx_word' id='word_1_221' title='bbox 750 3847 831 3912; x_wconf 87' lang='lat' dir='ltr'>puella</span> <span class='ocrx_word' id='word_1_222' title='bbox 857 3848 950 3907; x_wconf 73' lang='lat' dir='ltr'>dormit,</span> <span class='ocrx_word' id='word_1_223' title='bbox 976 3848 1071 3906; x_wconf 82' lang='lat' dir='ltr'>dicitur,</span> <span class='ocrx_word' id='word_1_224' title='bbox 1093 3850 1144 3899; x_wconf 74' lang='lat' dir='ltr'>lm</span> <span class='ocrx_word' id='word_1_225' title='bbox 1167 3860 1239 3911; x_wconf 67' lang='lat' dir='ltr'>pm</span> 
     </span>
     <span class='ocr_line' id='line_1_32' title="bbox 195 3915 1145 3982; baseline 0.011 -19"><span class='ocrx_word' id='word_1_226' title='bbox 195 3915 403 3982; x_wconf 74' lang='lat' dir='ltr'>utruquesomosu</span> <span class='ocrx_word' id='word_1_227' title='bbox 417 3928 456 3965; x_wconf 81' lang='lat' dir='ltr'>est.</span> <span class='ocrx_word' id='word_1_228' title='bbox 474 3917 515 3966; x_wconf 83' lang='lat' dir='ltr'>sed</span> <span class='ocrx_word' id='word_1_229' title='bbox 532 3918 699 3967; x_wconf 77' lang='lat' dir='ltr'>recrediffcrre</span> <span class='ocrx_word' id='word_1_230' title='bbox 749 3924 994 3973; x_wconf 76' lang='lat' dir='ltr'>rmmbrumodiotoro.</span> <span class='ocrx_word' id='word_1_231' title='bbox 1028 3923 1145 3973; x_wconf 67' lang='lat' dir='ltr'>Maurus.</span> 
     </span>
     <span class='ocr_line' id='line_1_33' title="bbox 196 3988 1237 4061; baseline 0.008 -24"><span class='ocrx_word' id='word_1_232' title='bbox 196 3989 249 4037; x_wconf 79' lang='lat' dir='ltr'>haec</span> <span class='ocrx_word' id='word_1_233' title='bbox 260 3990 309 4039; x_wconf 91' lang='lat' dir='ltr'>duo</span> <span class='ocrx_word' id='word_1_234' title='bbox 320 3988 381 4039; x_wconf 82' lang='lat' dir='ltr'>iuter</span> <span class='ocrx_word' id='word_1_235' title='bbox 398 4007 423 4040; x_wconf 83' lang='lat' dir='ltr'>se</span> <span class='ocrx_word' id='word_1_236' title='bbox 434 3991 515 4041; x_wconf 86' lang='lat' dir='ltr'>docuit</span> <span class='ocrx_word' id='word_1_237' title='bbox 525 3991 650 4040; x_wconf 81' lang='lat' dir='ltr'>Manutius</span> <span class='ocrx_word' id='word_1_238' title='bbox 667 3994 697 4041; x_wconf 85' lang='lat' dir='ltr'>ad</span> <span class='ocrx_word' id='word_1_239' title='bbox 780 3996 822 4044; x_wconf 78' lang='lat'>26.</span> <span class='ocrx_word' id='word_1_240' title='bbox 841 3996 963 4061; x_wconf 63' lang='lat' dir='ltr'>Decepta]</span> <span class='ocrx_word' id='word_1_241' title='bbox 981 3998 1021 4047; x_wconf 80' lang='lat' dir='ltr'>Ita</span> <span class='ocrx_word' id='word_1_242' title='bbox 1031 3996 1102 4047; x_wconf 80' lang='lat' dir='ltr'>Circe</span> <span class='ocrx_word' id='word_1_243' title='bbox 1112 3996 1156 4047; x_wconf 66' lang='lat' dir='ltr'>ills</span> <span class='ocrx_word' id='word_1_244' title='bbox 1164 3996 1237 4045; x_wconf 65' lang='lat' dir='ltr'>Perre</span> 
     </span>
     <span class='ocr_line' id='line_1_34' title="bbox 197 4060 1197 4136; baseline 0.009 -26"><span class='ocrx_word' id='word_1_245' title='bbox 197 4060 350 4111; x_wconf 67' lang='lat' dir='ltr'>Ciceromin</span> <span class='ocrx_word' id='word_1_246' title='bbox 363 4065 486 4114; x_wconf 82' lang='lat' dir='ltr'>adFamil.</span> <span class='ocrx_word' id='word_1_247' title='bbox 500 4068 538 4114; x_wconf 74' lang='lat'>1⁴.</span> <span class='ocrx_word' id='word_1_248' title='bbox 574 4067 664 4114; x_wconf 78' lang='lat' dir='ltr'>Busu.</span> <span class='ocrx_word' id='word_1_249' title='bbox 748 4069 779 4117; x_wconf 89' lang='lat' dir='ltr'>nii</span> <span class='ocrx_word' id='word_1_250' title='bbox 791 4086 845 4136; x_wconf 83' lang='lat' dir='ltr'>cap.</span> <span class='ocrx_word' id='word_1_251' title='bbox 857 4070 938 4119; x_wconf 81' lang='lat' dir='ltr'>cxxix.</span> <span class='ocrx_word' id='word_1_252' title='bbox 975 4071 1197 4135; x_wconf 63' lang='lat' dir='ltr'>Quorumdam.</span> 
     </span>
    </p>

    <p class='ocr_par' dir='ltr' id='par_1_6' title="bbox 232 4138 1237 4210">
     <span class='ocr_line' id='line_1_35' title="bbox 232 4138 1237 4210; baseline 0.019 -28"><span class='ocrx_word' id='word_1_253' title='bbox 232 4139 268 4186; x_wconf 84' lang='lat'>18.</span> <span class='ocrx_word' id='word_1_254' title='bbox 289 4138 346 4187; x_wconf 85' lang='lat' dir='ltr'>Lute</span> <span class='ocrx_word' id='word_1_255' title='bbox 360 4141 465 4203; x_wconf 64' lang='lat' dir='ltr'>pomo]</span> <span class='ocrx_word' id='word_1_256' title='bbox 487 4141 548 4190; x_wconf 76' lang='lat' dir='ltr'>lure</span> <span class='ocrx_word' id='word_1_257' title='bbox 564 4149 631 4189; x_wconf 86' lang='lat' dir='ltr'>vetus</span> <span class='ocrx_word' id='word_1_258' title='bbox 648 4141 696 4189; x_wconf 82' lang='lat' dir='ltr'>lec·</span> <span class='ocrx_word' id='word_1_259' title='bbox 779 4145 821 4191; x_wconf 80' lang='lat'>28.</span> <span class='ocrx_word' id='word_1_260' title='bbox 851 4144 927 4195; x_wconf 71' lang='lat' dir='ltr'>Fortu</span> <span class='ocrx_word' id='word_1_261' title='bbox 948 4144 1068 4209; x_wconf 67' lang='lat' dir='ltr'>comm]</span> <span class='ocrx_word' id='word_1_262' title='bbox 1092 4145 1237 4210; x_wconf 55' lang='lat' dir='ltr'>145th</span> 
     </span>
    </p>
   </div>
   <div class='ocr_carea' id='block_1_4' title="bbox 855 4406 1302 4684">
    <p class='ocr_par' dir='ltr' id='par_1_7' title="bbox 855 4392 1302 4684">
     <span class='ocr_line' id='line_1_36' title="bbox 855 4406 1302 4684; baseline 0.007 -3"><span class='ocrx_word' id='word_1_263' title='bbox 855 4630 1122 4683; x_wconf 69' lang='grc' dir='ltr'><em>Μ</em></span> <span class='ocrx_word' id='word_1_264' title='bbox 1254 4406 1302 4684; x_wconf 72' lang='lat' dir='ltr'>,i</span> 
     </span>
    </p>
   </div>
   <div class='ocr_carea' id='block_1_5' title="bbox 0 0 1452 4980">
    <p class='ocr_par' dir='ltr' id='par_1_8' title="bbox 0 0 1452 4980">
     <span class='ocr_line' id='line_1_37' title="bbox 0 0 1452 4980; baseline 0 0"><span class='ocrx_word' id='word_1_265' title='bbox 0 0 1452 4980; x_wconf 95' lang='lat' dir='ltr'> </span> 
     </span>
    </p>
   </div>
  </div>
 </body>
</html>
