2904 4994
438 371 698 441 nnsornus.
722 371 794 441 ee.
817 373 880 440 ιν.
1137 378 1182 447 rs

139 550 227 627 Non
243 549 312 626 tibi
329 572 398 649 per
414 548 591 626 tenebras
607 548 757 623 dabitur
773 545 975 626 reseranda
991 551 1113 629 mariti

187 665 323 753 Janua‚
342 688 417 739 non
433 676 561 739 custos
579 665 826 764 decipiendus
843 663 925 741 erit.

140 783 195 858 Ut
210 784 333 858 tenuit
348 783 482 856 domus
500 806 576 856 una
592 782 700 868 duos,
718 782 853 856 domus
870 806 946 857 una
960 784 1118 860 tenebit.

190 899 333 974 Oscula
349 909 480 999 aperta
497 899 627 985 dabas,
647 900 776 973 oscula
792 910 921 998 aperta
937 900 1058 975 dabis.

139 1014 258 1090 Tutus
276 1015 350 1090 eris
367 1039 529 1101 mecum,
547 1015 774 1113 laudemque
791 1016 983 1090 merebere
1000 1017 1129 1115 culpa;

188 1131 247 1206 'l'u
263 1131 354 1206 licet
370 1131 409 1205 in
427 1132 525 1204 lecto
542 1131 775 1230 conspiciare
793 1155 890 1205 meo.
1112 1137 1181 1207 146

139 1247 245 1322 Tolle
262 1271 385 1321 moras
404 1256 562 1333 tantum,
581 1258 855 1346 properataque
872 1246 1013 1322 soedera
1025 1250 1156 1347 junge.

190 1362 264 1448 Qui
283 1364 374 1437 mihi
393 1387 490 1437 nunc
509 1364 627 1450 saevit,
647 1366 701 1437 sic
719 1364 787 1438 tibi
805 1375 936 1463 parcat
952 1364 1081 1439 Amor.

141 1485 228 1561 Non
246 1511 316 1583 ego
334 1486 517 1582 dedignor
534 1486 696 1584 supplex
713 1484 939 1581 humilisque
957 1482 1114 1582 precari.

189 1601 293 1677 Heu!
311 1604 375 1677 ubi
386 1627 485 1676 nunc
500 1602 630 1689 fastus,
642 1603 794 1700 altaque
805 1601 930 1687 verba,
941 1600 1090 1698 jacentl
1112 1603 1183 1673 150

141 1716 192 1792 Et
208 1743 375 1819 pugnare
393 1719 470 1808 diu,
490 1743 559 1794 nec
577 1744 639 1794 me
656 1716 876 1793 submittere
894 1717 1016 1815 culpae

21 1886 58 1914 ..μ
72 1845 176 1911 ,Μ
191 1834 307 1943 Certa
323 1834 396 1911 fui:
425 1836 518 1955 certi
535 1835 567 1974 ⁸}
585 1836 677 1968 ‹puid
694 1835 850 1910 haberet
866 1831 994 1906 Amor.

139 2049 255 2115 Virgilius
262 2050 361 2100 AEncid.
374 2052 414 2101 18.
687 2054 791 2115 οἰαεαφιι
803 2049 897 2116 fredam
921 2065 963 2115 pro
986 2049 1053 2099 suris
1072 2048 1184 2107 lectione,

173 2123 358 2186 emoriere
368 2136 528 2190 strueremque
537 2127 638 2188 dumque
687 2125 751 2191 quod
768 2140 815 2174 nou
831 2133 867 2172 est
883 2122 1134 2182 contemnendum,sic
1150 2141 1184 2173 so·

203 2209 332 2248 moraatrsr.
515 2200 605 2250 Herus.
687 2203 750 2249 ciare
768 2200 855 2248 cubilia
874 2199 920 2265 Ep.
936 2196 971 2247 iii.
992 2206 1017 2248 st
1036 2198 1137 2248 similis:
1154 2198 1185 2248 In

139 2271 275 2321 Priscianus
285 2273 327 2322 lib.
337 2272 387 2322 viii.
394 2290 421 2339 p.
430 2274 487 2322 791.
497 2273 562 2324 Edit.
573 2271 638 2323 Pau.
688 2271 858 2323 Berbariaiauo
866 2280 891 2321 et
897 2271 1030 2323 Bssileeusi
1035 2272 1117 2322 codice
1125 2280 1184 2330 erat,

139 2346 220 2395 multis
235 2348 350 2413 exemplis
366 2346 467 2397 sdstruit
481 2356 574 2398 vsoeres
584 2352 638 2397 Am·
685 2357 849 2411 properataque
859 2349 962 2413 grsasdia,¹
980 2347 1039 2397 lorte
1047 2348 1119 2397 bene.
1131 2346 1186 2398 Art.

136 2422 210 2482 plecta
228 2429 253 2470 et
270 2424 371 2484 amplexo
391 2420 487 2479 diuise,
505 2431 530 2471 et
549 2423 637 2488 profert
687 2423 744 2472 Am.
753 2423 781 2472 ii.
792 2423 850 2471 481.

138 2492 198 2543 illud
215 2510 244 2543 ex
264 2495 374 2545 Petronio
391 2495 560 2560 fragmentum:
579 2498 637 2544 Ant·
750 2496 875 2544 ——Cum
885 2513 928 2559 pua
938 2513 979 2545 usa
988 2496 1076 2562 garrula
1079 2496 1170 2560 jungas

139 2571 636 2637 mnostroasrsplesamirrcorpors‚srsps·
720 2570 939 2621 lavensium.
1059 2569 1152 2618 Herus.

140 2642 306 2706 πλεχθιῖσαν.
340 2643 430 2693 Buris.
687 2646 743 2695 Non
752 2645 832 2713 placet
841 2649 935 2694 acuta
956 2641 1020 2708 quod
1030 2642 1138 2692 librarius
1148 2658 1185 2692 re·

174 2715 229 2765 142.
247 2716 301 2766 Nou
314 2717 410 2781 mutuo]
430 2716 485 2766 Nor
499 2729 573 2767 custos
587 2733 637 2768 rne-
686 2719 773 2786 petisse
784 2735 813 2768 ex
824 2735 886 2769 vers.
901 2719 939 2766 17.
964 2716 1066 2765 videtur.
1100 2716 1185 2780 Propr-

139 2789 219 2838 liores.
236 2790 328 2840 Hsrus.
352 2790 480 2855 Eleganter
490 2791 563 2840 talem
574 2807 638 2841 suro·
686 2805 741 2842 rata
751 2793 814 2842 eninr
825 2792 926 2842 vnltvel
935 2791 1029 2856 federa
1044 2790 1084 2840 vel
1098 2793 1187 2857 gaudia

139 2878 189 2911 rem
208 2864 372 2912 incustoditum
390 2872 460 2913 vocat
478 2864 575 2915 Tacitus
595 2864 638 2915 xii.
685 2869 763 2934 jungi,
775 2868 831 2933 quia
841 2869 962 2917 metuebat
970 2865 1057 2915 'lbesci
1072 2866 1185 2925 reditum,

139 2934 230 2985 Annsl.
248 2937 273 2985 4.
290 2936 315 2986 iu
333 2936 477 3003 precedenti
492 2955 561 2988 versu
579 2939 639 2989 illud
689 2943 730 3007 qui
747 2958 810 2992 nunc
827 2954 931 3007 tempore
948 2937 1187 3008 absensopportuni·

139 3008 260 3076 epitheton
271 3011 325 3058 dari
335 3010 517 3076 adprehendisse
533 3011 640 3062 librarios
689 3025 762 3067 tatem
780 3017 854 3066 dabat
872 3016 903 3065 sd
924 3024 976 3065 tuto
996 3014 1140 3066 coeundum.
1166 3015 1187 3067 si

140 3089 208 3148 puto,
226 3093 254 3131 ut
269 3083 366 3132 obvium
384 3084 518 3142 inhaere,
535 3085 578 3134 sed
600 3086 639 3136 bic
689 3091 747 3155 quid
768 3090 916 3146 mutandum,
937 3089 1033 3138 mallem
1055 3100 1188 3155 sperataque

139 3157 236 3206 minime
247 3157 412 3216 necesarium,
423 3174 478 3207 curn
495 3175 572 3224 neque
588 3179 639 3210 cus·
688 3168 776 3230 gaudia
786 3169 871 3231 junge.
887 3163 913 3212 in
929 3162 1075 3212 Scriveriauo
1093 3172 1144 3213 crat
1159 3179 1186 3214 e·

141 3233 187 3280 todi
195 3230 296 3280 addetur
304 3231 433 3297 epitheton.
449 3233 548 3283 inJunii
557 3235 638 3285 codice
688 3241 754 3298 nam,
768 3240 830 3288 Tolle
840 3256 921 3294 maras,
932 3255 980 3287 oro.
1013 3239 1104 3286 Banu.

141 3313 204 3354 erat:
724 3315 778 3363 119.
798 3313 872 3379 Ege]
891 3315 952 3371 Qua
962 3328 1015 3361 sum
1025 3312 1103 3379 neptis
1112 3313 1189 3374 Jovis,

173 3379 228 3428 Non
240 3382 281 3428 tibi
296 3397 338 3442 prr
353 3382 456 3430 tmbras
472 3383 567 3430 dabitur
581 3401 638 3433 ress·
689 3396 714 3437 et
723 3387 793 3436 Solis.

236 3456 311 3502 reuda
321 3457 401 3503 mariti
725 3464 780 3512 160.
799 3462 853 3510 Heu
869 3464 908 3510 ubi
925 3477 988 3510 nunc
999 3459 1081 3525 fastus
1097 3463 1189 3526 altaque

205 3528 392 3578 Janua.--
690 3539 757 3585 verba
765 3536 870 3599 jacent]
893 3536 937 3584 Una·
954 3551 1016 3583 nunc
1025 3535 1112 3599 statutt
1122 3552 1189 3585 men·

141 3602 277 3668 Eleganter,
287 3613 315 3653 ut
323 3612 390 3669 puto.
400 3603 456 3652 infr.
468 3603 517 3653 xvi.
531 3605 569 3654 15.
690 3609 746 3658 dass
765 3610 824 3658 alter
842 3609 939 3658 Mureti.
971 3608 1019 3656 Sed
1032 3609 1110 3673 flatus
1130 3601 1189 3659 sorte

205 3677 608 3743 —Naadabimaspadama
690 3683 860 3749 reponendum.
893 3682 956 3731 Vide
977 3697 1030 3746 que
1051 3681 1131 3731 notavi
1157 3681 1188 3731 sd

141 3750 279 3802 Etuwb.
690 3757 775 3806 librum
787 3757 805 3806 i.
816 3757 881 3806 Artis
891 3757 947 3805 Am.
958 3757 1014 3805 71⁶.
1047 3755 1119 3804 Porro
1135 3754 1189 3804 libri

174 3823 642 3876 Nosdabiausseertesccerumtibialara
690 3829 807 3887 nonnulli,
829 3830 883 3879 Heu
901 3832 965 3878 mili.
1005 3829 1124 3894 Excerpts
1140 3828 1190 3877 Pu-

197 3897 326 3964 sugautsm
692 3904 766 3961 teani,
776 3904 824 3953 Hei
833 3904 901 3952 mut!
919 3912 946 3953 ut
956 3902 1037 3967 opiner
1048 3900 1188 3965 legendum:

240 3974 449 4023 Lucrina—
512 3975 603 4024 nana.
725 3976 1190 4041 Haimibilquamfastus,altaqusoerba

176 4048 233 4096 147.
262 4048 433 4113 Properataqus
464 4049 582 4115 federa]
611 4048 641 4098 In
748 4056 841 4115 jurent.

141 4122 280 4173 membrana
295 4122 404 4173 Scriverii
422 4133 446 4173 et
463 4139 517 4173 rnen
532 4132 593 4181 erut,
607 4141 641 4173 so·
