2896 4980
490 307 750 378 HEROIDES.
774 312 843 379 ΕΡ.
870 313 973 381 XVI.

1187 316 1253 387 269

212 482 357 581 Magna
371 482 524 582 quidem
541 484 590 558 de
607 494 645 559 te
663 509 790 561 rumor
804 489 991 587 praeconia
1007 490 1107 579 feeit,

261 600 451 699 Nullaque
469 601 517 675 de
533 601 628 675 facie
646 605 774 677 nescia
790 616 889 679 terra
905 617 971 679 tua
986 618 1056 695 est,

1179 614 1249 683 140

212 717 249 792 N
251 742 295 793 ee
313 718 382 791 tibi
400 742 467 816 par
484 742 645 814 usquam
664 720 843 818 Phrygia,
864 746 932 795 nec
953 722 1052 796 Solis
1068 726 1117 798 ab
1135 736 1219 801 ortu

259 831 365 908 Inter
380 833 561 908 formosas
580 835 697 909 altera
715 862 848 911 nomen
867 838 993 913 habet.

211 948 346 1025 Credis
364 960 403 1023 et
420 949 492 1022 hoc
510 950 644 1023 nobis?
671 953 791 1024 minor
808 963 866 1026 est
883 963 949 1026 tua
965 954 1082 1049 gloria
1098 978 1184 1028 vero
1201 982 1209 1030 :

223 1060 226 1069 '
260 1063 454 1162 Famaque
471 1066 519 1139 de
536 1065 655 1138 forma
673 1091 770 1164 pene
786 1067 951 1163 maligna
967 1081 1033 1141 tua
1048 1080 1118 1142 est.

210 1181 303 1255 Plus
321 1182 382 1255 hie
401 1181 560 1266 invenie,
581 1204 694 1277 quam
714 1182 816 1278 quod
836 1185 1046 1281 promiserit
1063 1186 1145 1260 illa:
1179 1189 1248 1259 145

260 1297 312 1372 Et
327 1308 395 1372 tua
410 1298 568 1372 materia
585 1298 702 1393 gloria
717 1300 818 1373 victa
834 1324 904 1374 sua
920 1311 990 1374 est.

210 1412 310 1512 Ergo
328 1412 420 1487 arsit
435 1413 579 1500 merit0,
596 1414 661 1510 qui
680 1426 833 1489 noverat
850 1417 985 1503 omnia,
1004 1416 1195 1491 Theseus:

259 1528 311 1603 Et
326 1530 407 1603 visa
424 1554 465 1603 es
482 1539 587 1602 tanto
605 1531 719 1625 digna
736 1531 864 1630 rapina
880 1532 981 1606 viro:

209 1644 319 1719 More
335 1656 410 1718 tuae
429 1645 551 1741 gentis
569 1646 686 1719 nitida
703 1648 793 1718 dum
812 1647 912 1721 nuda
928 1649 1102 1746 palaestra
1208 1714 1213 1723 .

259 1760 399 1850 Ludis;
428 1771 468 1836 et
483 1786 524 1835 es
542 1761 652 1833 nudis
671 1760 809 1834 femina
825 1763 944 1835 mixta
960 1762 1064 1836 viris.

207 2002 265 2037 ωιι
285 1996 370 2055 quarto
397 1988 530 2052 frequenter
557 1984 704 2051 conjunxisse

208 2059 260 2109 loeo
269 2061 342 2110 sesti.
353 2060 462 2126 exempla
469 2060 556 2125 passim
565 2067 620 2107 sunt
627 2059 705 2108 obvia.

208 2134 340 2184 Hsrrrsrus.
374 2132 490 2183 Defendit
500 2149 593 2199 qnoque
604 2142 629 2181 et
637 2133 704 2182 illus-

207 2216 255 2258 tret
270 2208 332 2273 hene
354 2207 497 2257 locutionem
512 2206 705 2270 diligentissimus

209 2280 356 2331 Passeratius
366 2281 397 2330 ad
408 2279 524 2345 Propertii
533 2279 576 2328 lib.
588 2279 623 2328 iii.
635 2281 703 2345 Eleg.

208 2354 243 2404 ix·
251 2356 276 2407 in
284 2356 341 2406 fine.
352 2364 377 2404 et
387 2362 461 2405 recte.
490 2354 511 2402 F
510 2364 580 2403 utura
591 2356 653 2402 enim
662 2370 704 2418 pro

208 2441 306 2481 ustura
322 2430 397 2479 debet
414 2428 475 2495 capi,
493 2438 520 2478 ut
540 2429 565 2477 in
580 2428 623 2476 illa
639 2428 703 2478 locu-

209 2505 272 2555 tione
282 2505 348 2571 spnd
358 2506 457 2553 Sueton.
469 2518 523 2568 cap.
534 2502 583 2551 xvi.
610 2502 626 2549 I
627 2522 641 2550 n
651 2520 703 2551 eou-

207 2592 306 2645 spectum
314 2580 402 2646 fitius,
423 2588 449 2627 nt
465 2588 528 2626 recte
549 2578 704 2626 Casanbonus

208 2654 312 2705 restitnit
326 2671 369 2720 pro
382 2655 475 2702 υιιιίιιι.
494 2662 517 2700 et
528 2651 625 2700 Medius
640 2652 704 2717 apud

209 2728 278 2779 curt.
294 2730 329 2779 ui.
339 2733 365 2780 5.
387 2728 419 2776 Ut
432 2731 532 2790 primum
554 2744 588 2775 res
609 2729 633 2774 irs
649 2744 703 2775 eon·

207 2814 306 2865 spectum
313 2804 381 2870 fnit.
398 2802 432 2851 sie
448 2801 511 2849 idem
531 2800 600 2849 Curt.
621 2800 656 2848 iii.
679 2803 704 2848 5.

209 2878 309 2927 Dum
316 2880 382 2926 iutro
389 2881 494 2940 quintum
500 2877 559 2922 diem
567 2877 591 2921 iu
601 2875 705 2922 Ciliciam

200 2950 265 3017 sm.
279 2952 360 3003 cioer.
380 2968 421 2999 xv.
438 2949 468 2997 ad
483 2948 537 2996 Ast.
549 2949 572 2996 4.
598 2949 649 3001 Quo
668 2952 705 2997 die

207 3028 237 3075 ἐκ
250 3024 408 3075 Tusculanum
423 3040 485 3071 eram
492 3024 604 3086 jutarus.
621 3021 646 3070 in
661 3024 704 3069 du-

208 3100 270 3149 dien
285 3114 342 3149 sero
358 3100 444 3150 tenire,
457 3094 487 3143 de
500 3094 598 3159 judiciis
613 3096 704 3160 proprie

207 3170 303 3223 dieitur.
322 3171 357 3221 ita
371 3167 490 3228 Quinctil.
507 3168 578 3216 Deel.
594 3168 703 3217 cccxviii.

208 3246 246 3297 Ns
252 3250 298 3311 ῥυ
312 3248 403 3309 quidm
412 3245 506 3291 dubium
516 3253 574 3299 erat,
584 3245 651 3290 etiam
662 3261 703 3290 urr-

207 3330 296 3387 ψη
313 3323 413 3370 uenirem
423 3320 448 3366 irs
462 3320 565 3366 dubium.
584 3317 624 3366 ubi
640 3317 703 3366 uide.

207 3396 297 3445 nunu.

241 3470 298 3518 141.
310 3469 360 3519 Nec
372 3470 413 3516 tibi
421 3484 564 3529 peraequum
576 3466 703 3530 Phrygiis]

207 3544 280 3610 Lego,
301 3545 415 3609 Phrygio,
433 3542 476 3589 hoc
496 3552 531 3589 est
548 3541 573 3589 in
594 3541 705 3605 Phrygis.

206 3618 272 3669 Ante
278 3617 543 3683 Phrygiomlegebatur.
554 3615 624 3673 Quod
631 3615 704 3680 impe·

207 3692 316 3743 ritinime
328 3690 437 3739 defendit
448 3689 478 3738 ad
487 3689 569 3737 Silium
578 3689 703 3753 Dausque·

204 3766 254 3833 jus.
265 3783 291 3833 p.
302 3767 363 3816 231.
384 3764 482 3828 Usperom
491 3765 597 3827 Phrygiis
608 3764 704 3827 Nauge-

207 3838 236 3889 sii
246 3840 384 3906 eonjectura
393 3847 438 3887 est.
464 3836 510 3885 Sed
523 3837 560 3884 vix
570 3838 705 3901 persuadet,

208 3908 302 3979 &punse
313 3914 432 3977 Phrygis,
443 3919 470 3959 ut
487 3928 580 3973 usquam
598 3913 705 3969 doronem,

208 3986 292 4039 latine
301 4002 371 4054 posse
382 3984 440 4034 dici.
461 3984 520 4032 torte
531 3982 603 4032 etiam
613 3984 706 4041 melius,

207 4064 279 4123 prino
296 4079 340 4111 m
359 4061 413 4109 wtis
430 4061 458 4107 ab
479 4068 541 4107 ortu.
573 4058 705 4107 Humerus.

210 4134 321 4187 Mitius
346 4133 493 4198 conjecerat:
522 4134 571 4181 Par
595 4135 654 4179 omni
682 4136 706 4180 in

1179 1765 1249 1835 150

756 1987 874 2051 Phrygio,·
892 2004 945 2052 ego,
957 2007 1049 2052 usquam
1061 1988 1173 2052 Phrygia,
1187 1994 1251 2034 recte

754 2060 801 2124 legi
812 2060 850 2109 hic
861 2072 932 2126 puto;
942 2062 1014 2111 debet
1022 2061 1085 2110 enirn
1094 2059 1227 2126 prepositis
1235 2077 1251 2108 a

754 2136 828 2200 repeti
836 2137 1019 2201 assequentibus.
1030 2145 1056 2185 ut
1063 2133 1179 2201 Epistvi.
1193 2134 1248 2182 107.

787 2209 834 2258 rra
851 2214 893 2259 sibi
906 2211 987 2268 Tanai,
1005 2211 1144 2275 scythimque
1157 2209 1250 2271 poiadi-

849 2287 889 2332 tus
899 2288 949 2334 ude

819 2359 920 2415 Quernt,
931 2371 953 2407 et
966 2378 980 2407 a
993 2362 1071 2421 patria
1088 2359 1197 2406 Phasidos
1211 2372 1248 2403 us·

848 2450 890 2494 que
900 2437 982 2480 tirum.

753 2504 769 2553 i.
779 2505 833 2554 Art.
845 2505 901 2553 Am.
916 2508 973 2554 72³.

847 2582 1050 2644 —·-AEpuoris
1058 2583 1122 2627 unda

787 2653 866 2710 Debet,
877 2665 898 2702 et
908 2674 923 2701 n
934 2657 1005 2703 radiis
1012 2657 1091 2702 sideris
1101 2669 1144 2701 esse
1154 2654 1230 2717 niger.

755 2727 797 2776 xii.
809 2729 901 2777 Metam
914 2730 969 2777 125.

788 2801 853 2858 iude,
860 2805 921 2851 sehet
932 2819 996 2850 muro
1006 2804 1103 2851 solidare
1113 2820 1128 2849 n
1138 2811 1205 2850 conte
1215 2818 1250 2851 re·

817 2878 884 2936 pulso
893 2884 934 2923 est.
1126 2875 1216 2922 Busss.

789 2951 844 2998 149.
862 2950 927 2997 More
945 2960 989 2997 tue
1005 2951 1080 3014 gentis
1099 2951 1174 2997 nitido
1194 2951 1249 2997 dum

755 3025 817 3070 nudo
824 3024 929 3085 potrum
938 3023 1019 3078 Ludis.
1027 3034 1049 3071 et
1059 3039 1080 3071 es
1090 3023 1249 3086 nudisj'esm'ne

754 3097 907 3160 mittereris]
927 3093 1065 3159 Virginibus
1081 3094 1188 3143 Lacaenis
1199 3105 1250 3145 stn-

754 3170 793 3218 dio
804 3169 849 3218 fuit
858 3170 977 3235 palaestra.
1004 3170 1082 3218 Cicer.
1091 3168 1133 3218 lib.
1146 3168 1173 3216 ii.
1184 3169 1247 3236 disp.

753 3245 849 3293 Tuscul.
860 3254 883 3293 et
899 3243 950 3292 alii.
979 3244 1117 3293 Crursrrus.
1152 3244 1250 3293 Medide

753 3318 870 3376 Scriverii,
880 3335 933 3383 que
946 3327 982 3368 est
997 3319 1091 3383 glossa.
1099 3318 1141 3368 sed
1152 3320 1250 3368 nitidem

754 3395 844 3462 proprie
852 3393 921 3450 dixit,
928 3393 985 3459 quia
995 3394 1122 3442 luctatores
1128 3393 1181 3442 oleo
1188 3393 1250 3444 nite·

753 3469 820 3518 bant.
831 3468 875 3516 lib.
887 3486 910 3516 v.
928 3468 991 3515 fast.
1003 3468 1061 3515 667.

786 3544 848 3591 Lete
858 3545 914 3606 tyre
928 3544 1005 3604 prdsu,
1016 3544 1091 3590 nitido
1100 3558 1185 3605 quoque
1202 3543 1252 3591 tete

816 3620 932 3678 palestra.

754 3692 785 3738 Et
795 3692 879 3740 Horat.
891 3691 917 3738 ii.
929 3690 978 3738 ud.
995 3691 1031 3737 12.
1051 3689 1143 3737 Nitidns
1151 3689 1249 3748 psaltas,

754 3775 822 3815 vocat
832 3766 884 3814 oleo
894 3765 1016 3831 perfusas3
1036 3773 1060 3810 et
1071 3763 1163 3809 Auson.
1175 3761 1252 3824 Epist.

755 3856 806 3889 ssu.
891 3878 893 3883 .

789 3914 875 3961 Nitida
886 3915 945 3959 critis
955 3918 1025 3957 urrcta
1031 3912 1155 3969 jurentur.

755 3988 787 4035 Et
796 3988 857 4035 Stat.
870 4003 894 4033 x.
905 3983 982 4031 Theb.
994 3982 1050 4030 496.

821 4058 897 4106 Nitidi
908 4057 1002 4103 moriens
1012 4067 1106 4101 convesci
1116 4051 1220 4115 magistri

789 4131 995 4194 Respicis.—

817 4211 838 4258 P
