2896 4980
411 304 634 371 huonon.
674 307 763 373 nm.
789 309 817 373 1.
840 311 872 374 9.
1098 299 1163 379 atr

120 474 236 549 Ardet
254 477 292 550 in
310 478 476 552 abducta
496 478 666 554 Briseide
685 505 841 577 magnus
859 483 1038 558 Achilles.

168 591 269 665 Dum
287 594 388 680 licet,
407 595 601 691 Argolicas
619 598 777 694 frangite
794 598 909 672 Troes
927 625 1032 699 opes.

120 704 261 781 Hector
271 710 319 781 ab
331 710 613 786 Andromaches
624 715 882 811 complexibus
897 715 975 788 ibat
986 717 1023 788 in
1035 741 1154 791 arma:

168 821 229 909 Et,
249 826 396 920 galeam
414 827 528 924 capiti
546 852 630 924 quae
648 828 766 913 daret,
785 854 879 903 uxor
897 840 989 904 erat.
1108 836 1155 906 36

120 939 275 1014 Summa
292 943 431 1015 ducum
450 944 613 1029 Atrides,
632 945 711 1017 visd
732 943 955 1033 Priameide,
975 947 1090 1021 fertur

165 1056 351 1131 Maenadis
369 1058 496 1132 effusis
514 1062 754 1158 obstupuisse
771 1062 900 1135 comis.

117 1171 219 1246 Mars
238 1198 391 1271 quoque
408 1177 614 1274 deprensus
632 1178 778 1252 fabrilia
790 1180 937 1254 vincula
953 1182 1082 1253 sensit.

165 1288 300 1363 Notior
316 1291 354 1362 in
372 1292 466 1365 coelo
484 1291 611 1365 sabula
627 1294 730 1366 nulla
746 1293 828 1366 fuit.
1105 1300 1156 1369 40

117 1404 202 1504 lpse
220 1429 292 1501 ego
311 1408 436 1503 segnis
454 1432 568 1494 eram,
588 1410 846 1509 discinctaque
864 1413 901 1484 in
919 1414 996 1488 otia
1012 1426 1142 1489 natus:

163 1519 380 1596 Mollierant
396 1523 538 1597 animos
556 1526 675 1599 lectus
694 1536 732 1599 et
748 1529 881 1600 umbra
897 1552 1013 1601 meos.

115 1634 270 1735 Impulit
285 1637 461 1733 ignavum
479 1639 650 1714 formosae
665 1665 755 1715 cura
770 1643 905 1741 puellae
918 1671 927 1729 ;

161 1750 283 1826 Jussit
301 1754 394 1826 etin
412 1755 543 1827 castris
562 1780 638 1828 aera
653 1779 794 1831 merere
812 1759 902 1831 suis.

115 1864 207 1941 Inde
220 1869 326 1941 vides
345 1869 493 1964 agilem,
508 1881 764 1968 nocturnaque
778 1874 879 1948 bella
888 1885 1092 1970 gerentem.
1105 1879 1153 1949 45

161 1982 236 2069 Qui
255 1984 357 2057 nolet
373 1985 458 2058 fieri·
471 1987 695 2073 desidiosus
715 1998 826 2062 amet.

141 2237 183 2285 33.
201 2234 304 2284 Mans.
336 2233 419 2283 Tristis
435 2243 528 2299 propter
543 2252 606 2285 ama-
657 2241 764 2286 oirorum.
782 2248 807 2286 ut
822 2238 950 2305 Sophocles
966 2239 1037 2287 etiam
1053 2239 1155 2291 Philoct.

110 2309 237 2377 tapnello
247 2310 322 2358 ebsen
383 2342 390 2357 .
421 2307 469 2356 Sed
478 2307 547 2373 longe
557 2326 606 2358 me·
657 2312 714 2360 435.
744 2311 805 2360 dixit
832 2316 917 2377 πρῶτα
943 2311 1085 2372 Ἀθηναίων
1111 2331 1154 2380 pro

107 2383 151 2435 lior
170 2382 229 2432 mihi
249 2382 344 2432 videtur
365 2390 434 2431 vetus
453 2382 533 2437 lectio,
553 2400 606 2448 qua
656 2383 761 2451 principe
783 2383 972 2433 Atheniensium.
998 2384 1077 2433 etita
1096 2402 1153 2436 neu·

107 2468 151 2517 eut,
162 2458 274 2524 Magnus
307 2457 359 2506 Hoc
373 2457 436 2506 enim
452 2466 607 2520 cognomento
656 2456 714 2507 erim
723 2459 816 2522 generis
826 2458 920 2506 nomina
936 2457 991 2523 poni
1006 2473 1048 2522 pro
1059 2475 1152 2509 mascu-

106 2532 260 2584 illmtmviri
270 2531 384 2597 appellati
394 2541 458 2588 aunt,
469 2531 606 2581 utAlexan-
655 2530 710 2580 linis
720 2532 821 2580 vidimus
838 2531 868 2580 ed
879 2531 996 2589 Quinctil.
1011 2531 1123 2581 Declam.
1136 2533 1153 2585 i.

107 2607 157 2664 der,
168 2606 305 2672 Pompeius,
316 2613 341 2655 et
355 2605 454 2654 Carolus
465 2605 605 2655 francorum
655 2605 680 2652 6.
693 2605 794 2654 nondum
811 2616 891 2654 tamen
910 2603 1008 2653 definire
1023 2603 1110 2662 audeo,
1122 2622 1153 2655 ιιι

106 2698 156 2741 rex,
180 2681 270 2748 aliique
297 2679 438 2745 complures.
469 2678 517 2729 Hic
542 2681 606 2730 euim
654 2678 1151 2743 mmmodoeumnondicipossitmtaum·

107 2756 172 2807 Nm
197 2768 337 2818 magnomm
364 2752 465 2802 virorum
491 2753 606 2819 exemplis
655 2766 695 2799 ma
709 2751 776 2806 belli,
792 2750 885 2816 imperii
904 2759 928 2799 et
946 2750 1042 2808 similia,
1054 2751 1097 2800 sed
1108 2770 1150 2804 ex·

106 2827 369 2879 nondeeidimnmeese
385 2841 487 2875 amorem
500 2841 605 2892 compro·
654 2823 853 2888 emplisdeflcior.
871 2823 916 2873 nisi
929 2823 975 2872 hue
993 2824 1154 2881 relerentelli

105 2905 157 2954 bet.
193 2900 266 2950 Adde
287 2899 376 2966 quod
369 2916 395 2948 ιιι
414 2899 492 2948 Artib.
512 2916 605 2966 quoque
654 2914 776 2946 summam
761 2907 860 2960 aputque
871 2897 930 2946 Bato
940 2896 983 2945 lib
993 2896 1020 2946 ii.
1034 2913 1064 2946 ex
1075 2898 1152 2950 Ponto

105 2974 306 3040 ovidahlagnum
317 2972 437 3023 Achillem
453 2982 556 3030 vocant,
568 2973 604 3021 di·
654 2971 673 3020 i.
707 2973 796 3021 Banu.

103 3066 175 3102 cens·
687 3049 728 3097 39.
747 3047 812 3095 Mors
826 3062 911 3110 quoque
920 3047 1153 3112 deprmusfulrrilia

137 3124 261 3175 Foettet'
252 3132 357 3185 aucupto
367 3121 493 3186 Lyrnesida
509 3138 605 3188 magnos
654 3123 748 3170 vinculo
769 3119 858 3184 sensit]
881 3119 949 3168 Idem
966 3136 1037 3185 prope
1055 3120 1124 3169 lib.'
1117 3137 1151 3170 ιι.

200 3197 311 3251 Achillea,
654 3193 814 3260 Metamorph.
858 3192 937 3251 Quem
956 3193 1054 3259 quidem
1073 3193 1152 3245 locum

169 3268 232 3319 Gon
245 3278 358 3332 premmt
378 3271 466 3318 mollem
487 3272 557 3318 lanua
576 3272 604 3318 ob
654 3285 728 3335 nuper
738 3285 767 3317 ex
779 3267 1035 3333 Fulgentioillustravi.
1069 3269 1141 3319 Cror.

199 3347 352 3394 hostetomm.
457 3346 571 3394 Manius.
686 3344 728 3392 45.
749 3342 812 3391 Vides
830 3340 944 3407 uigilem]
963 3343 1053 3406 agitem
1064 3343 1152 3392 Putea·

103 3419 187 3469 Dente
203 3428 284 3468 tamen
304 3428 394 3466 mestus
410 3434 440 3467 ex
459 3434 502 3467 suo
522 3419 603 3469 codice
654 3434 713 3467 neus
727 3427 751 3468 et
762 3425 862 3483 quatuor
876 3416 925 3473 alii,
936 3432 991 3466 cum
1007 3417 1084 3482 prima
1101 3417 1153 3467 edi·

102 3493 252 3560 proferebat.
276 3509 322 3557 ego
341 3510 437 3557 magnus
456 3502 551 3559 propter
567 3510 602 3542 ra·
653 3491 727 3542 tione.
749 3493 879 3541 Humerus.
920 3491 1012 3540 Recte:
1030 3507 1061 3540 ne
1077 3492 1152 3541 offen·

102 3565 178 3616 done·
196 3583 212 3616 ι
231 3566 311 3615 Mario
328 3566 408 3615 datas.
426 3576 450 3615 et
467 3568 501 3616 ita
516 3578 604 3618 mustus
653 3566 696 3616 dat
710 3584 781 3616 sonus
796 3566 879 3616 similis
894 3567 919 3615 in
933 3568 1104 3631 videovigilem.
1120 3566 1152 3614 ai·

102 3648 126 3689 et
143 3658 241 3708 ugnus
259 3640 358 3690 contusa
378 3639 455 3707 Epist.
476 3641 525 3689 xvi.
547 3643 603 3690 ³40.
653 3641 717 3692 milis
726 3644 828 3692 varietas
836 3641 1017 3691 infr.ii.Amor.
1028 3641 1061 3688 iv.
1073 3642 1115 3689 27.
1127 3649 1152 3689 et

103 3715 192 3766 Bou.
655 3715 688 3765 ita
703 3719 771 3782 agilis
789 3717 840 3764 Dea
857 3716 937 3764 Diana
954 3714 1032 3780 Epist.
1049 3714 1082 3760 iv.
1094 3714 1151 3762 166.

132 3790 175 3840 37.
192 3790 287 3839 &mma
303 3790 410 3853 dueum]
428 3789 487 3838 Tan.
503 3790 560 3838 Fab.
572 3789 601 3837 ad
655 3789 722 3838 Bello
732 3801 961 3854 moventem,quoque
973 3785 1152 3853 Neapolitanus.

102 3864 197 3916 haee
214 3864 232 3913 i.
246 3864 288 3914 87.
306 3864 396 3914 dictum
408 3865 457 3913 vult
472 3862 601 3912 imitatione
652 3864 743 3912 Bran.

100 3938 214 3998 lactatii,
232 3939 271 3989 eui
289 3939 453 4004 Agamemnon
473 3947 509 3988 est
527 3941 601 4001 prima
