2896 4980
473 300 733 368 HEROIDES.
758 302 827 366 ΕΡ.
845 301 948 366 XVI.
1169 305 1232 371 221

195 474 460 574 Qudqueseres
471 500 643 572 gressus:
664 477 868 550 adolebunt
877 477 1051 551 cinnama
1059 477 1232 565 flammae,

244 593 431 690 Caesaque
449 593 693 688 sanguineam
710 593 861 666 victima
878 594 1031 690 planget
1048 595 1216 681 humum,
1328 576 1331 584 ¹

197 707 307 783 Dona
324 719 431 807 pater
447 708 669 806 fratresque,
689 721 830 781 etcum
849 707 1038 803 genetrice
1057 734 1215 796 sorores,

246 824 462 922 Iliadesque
481 849 622 912 omnes,
637 837 792 922 totaque
809 824 933 923 Troja,
953 825 1108 900 dabunt.
1161 831 1234 901 336

198 936 270 1013 Hei
289 940 399 1013 mihi!
428 964 513 1038 pars
533 965 555 1014 a
572 966 632 1013 me
649 941 711 1013 vix
729 940 865 1012 dicitur
882 940 958 1013 ulla
974 940 1100 1013 futuri.

247 1054 364 1130 Plura
381 1055 489 1143 seres,
510 1081 622 1154 quarn
642 1081 726 1153 quae
745 1057 852 1129 litera
869 1070 995 1130 nostra
1013 1057 1135 1130 refert.

199 1168 236 1243 N
238 1195 281 1244 ec
299 1182 341 1244 tu
359 1183 466 1270 rapta
482 1172 585 1258 time,
605 1198 652 1245 ne
670 1198 737 1246 nos
755 1173 834 1246 sera
851 1175 950 1246 bella
967 1185 1171 1271 sequantur
1182 1172 1206 1262 ;'

249 1286 426 1361 Concitet
444 1299 482 1361 et
498 1289 594 1361 vires
614 1288 762 1362 Graecia
778 1313 916 1384 magna
932 1311 1032 1362 suas.
1163 1293 1238 1362 340

199 1398 271 1474 Tot
282 1403 385 1501 prius
400 1404 585 1488 abductis,
600 1404 660 1476 dic
675 1427 759 1499 quae
778 1405 937 1501 repetita
954 1428 1021 1501 per
1038 1427 1142 1478 arma
1158 1404 1237 1478 esti

249 1517 372 1592 Crede
391 1519 494 1606 mihi,
512 1544 627 1592 vanos
645 1544 704 1593 res
723 1520 837 1593 habet
855 1521 926 1593 ista
942 1531 1077 1594 metus.

202 1631 363 1708 Nomine
381 1648 562 1732 ceperunt
579 1635 776 1730 Aquilonis
795 1634 998 1708 Erechtide
1012 1634 1199 1709 Thraces:

251 1748 302 1822 Et
317 1761 401 1824 tuta
417 1775 440 1824 a
457 1752 556 1824 bello
577 1750 742 1822 Bistonis
761 1775 825 1823 ora
842 1750 923 1823 fuit.

202 1981 310 2048 qondam
337 1983 424 2033 eximia
446 1985 550 2036 vanitate
576 1986 695 2037 mulieres.
746 2005 790 2037 vox
801 1997 826 2037 et
838 2004 892 2036 cum
908 1997 983 2036 musta
1001 1993 1036 2036 est
1054 1985 1151 2035 confusa
1168 1984 1210 2036 lib.
1224 1985 1241 2034 i.

203 2055 235 2106 ita
245 2057 371 2124 Cleopatra
379 2060 428 2108 Θεὰ
437 2059 543 2124 νεωτέρα
553 2069 577 2109 et
587 2062 697 2121 1000110
746 2062 801 2111 Am.
813 2079 836 2110 x.
847 2064 887 2110 33.
922 2062 977 2110 Tota
991 2060 1095 2126 placeret
1104 2060 1242 2124 mugisuisi

203 2131 311 2188 nummis,
329 2142 355 2180 et
370 2131 434 2197 apud
444 2132 596 2182 Plutarchum
613 2135 637 2182 in
648 2133 697 2182 vite
746 2136 902 2201 praecessisset
919 2134 995 2191 modo,
1015 2144 1103 2197 totaque
1116 2135 1193 2198 Troja.
1211 2150 1242 2183 au

203 2204 308 2273 Antonii,
329 2205 395 2265 Ἶσις
416 2206 468 2256 νεά.
493 2208 543 2256 vid.
565 2209 640 2257 Vaill.
667 2209 697 2257 de
748 2209 837 2259 Grecis
849 2212 923 2258 mota?
939 2211 1028 2258 Bunss.

205 2278 303 2328 nummis
314 2278 415 2344 AEgypti
426 2296 507 2343 regum
521 2298 578 2347 pag.
590 2284 646 2331 589.
657 2299 697 2330 ex·
779 2286 837 2333 341.
856 2284 937 2347 Ecqua
947 2295 979 2332 est
989 2286 1084 2344 repetitu
1093 2299 1134 2344 per
1150 2282 1239 2346 arms]

205 2352 282 2419 emplo
307 2353 416 2401 nimirum
439 2355 554 2403 Deumm.
582 2356 614 2404 its
635 2358 697 2404 enim
750 2358 830 2421 Faequae
840 2361 935 2420 repetitu
944 2374 985 2419 per
995 2374 1059 2404 unna
1072 2366 1105 2404 est
1120 2371 1181 2404 unus
1192 2355 1242 2404 Re-

207 2425 345 2493 leerpina
370 2427 413 2488 νέη
435 2430 500 2488 Ario.
527 2430 557 2477 de
579 2447 627 2494 qua
648 2431 697 2479 vid.
748 2431 810 2495 gius.
844 2431 906 2496 quod
934 2432 1015 2494 utique
1044 2431 1121 2477 minus
1147 2429 1242 2476 durum.

205 2500 331 2567 Spumeus
343 2502 374 2550 sd
385 2502 448 2551 Call.
460 2505 532 2567 Hym.
544 2505 567 2552 in
578 2505 659 2553 Cerer.
674 2523 698 2552 v.

208 2576 260 2625 133.
276 2575 318 2625 ubi
336 2577 384 2625 elin
399 2578 508 2643 exempla
526 2578 600 2627 habes
609 2578 639 2626 de
651 2580 698 2626 lm·

206 2660 336 2715 011110ωο
347 2651 473 2700 uxoribus:
484 2662 508 2700 et
519 2653 553 2701 ita
563 2653 649 2717 passim
661 2672 699 2701 nu-

206 2726 229 2773 si
241 2724 286 2774 Dei
296 2734 321 2774 et
332 2725 386 2774 Dec
397 2736 530 2774 occurmnt.
547 2727 581 2774 sic
592 2727 625 2773 iii.
637 2728 698 2775 Met.

206 2800 263 2849 ⁶20.
297 2800 376 2848 Nouus
396 2800 471 2856 Liber,
485 2810 512 2848 ut
529 2812 553 2848 et
570 2801 699 2848 Antonium

207 2882 275 2924 vocat
288 2874 378 2940 Vellej.
397 2874 439 2924 lib.
457 2876 483 2923 ii.
502 2878 543 2924 32.
578 2877 664 2924 Noster
682 2876 699 2922 i.

207 2947 271 2999 rue.
281 2949 340 2999 510.

207 3023 317 3145 Ῑιιῐ1110110
326 3041 393 3072 novos
403 3026 457 3072 cerlo
467 3035 527 3072 terra
537 3026 621 3072 dutum
635 3024 700 3071 Dens.

246 3098 303 3146 536.

203 3210 207 3218 ,
238 3169 277 3219 Su'o
301 3172 407 3236 Augusto
429 3188 510 3220 novum
531 3171 599 3218 lulio
619 3187 702 3218 rruoren

247 3282 251 3289 .
270 3247 324 3293 erit.

208 3314 312 3367 111693.

239 3390 309 3441 Risu
320 3402 441 3440 amatorem
452 3406 509 3440 curo
520 3409 576 3440 noca
585 3391 645 3439 Divo
656 3392 702 3439 tlt-

270 3483 352 3515 moe.

209 3537 325 3589 is..Pont.
335 3539 369 3588 ix.
382 3540 438 3587 131.

241 3612 380 3663 Perveniunt
392 3617 449 3662 istuc
459 3624 481 3662 et
496 3612 704 3677 carminosorsiton

304 3689 356 3744 itta,

276 3761 332 3817 Qut
342 3765 370 3810 de
383 3772 404 3809 te
414 3763 464 3808 miti
473 3760 617 3824 coelitesaeta
630 3778 693 3808 nono.

206 3864 209 3869 ·
583 3834 671 3881 Bunsr.

205 3934 210 3941 ·
241 3909 300 3958 340.
318 3908 527 3972 eremium]
549 3907 705 3956 101001000-

211 3980 397 4039 dertonensis,
410 3988 435 4030 et
450 3981 555 4047 quinque
567 3981 616 4036 alii,
632 3992 707 4030 moestu

211 4053 274 4107 idm
299 4055 414 4107 Gronovii
440 4071 481 4121 pro
504 4055 569 4104 varia
595 4055 705 4103 lectione.

210 4137 274 4181 oute
282 4128 344 4183 illud
354 4148 439 4197 mgna
447 4138 582 4197 suspectum
592 4137 636 4179 est.
652 4143 706 4192 que

748 2506 879 2554 Hrrssrus.
914 2505 991 2566 Ecqua
1011 2514 1043 2551 est
1060 2503 1153 2552 volebat
1170 2502 1243 2551 Fran-

749 2578 807 2626 cius.
831 2580 862 2626 Et
873 2596 921 2640 que
929 2587 961 2625 est
972 2576 1107 2624 Bemensis.
1135 2575 1244 2628 Quanam

749 2663 780 2700 est
792 2652 931 2701 Bersmanni
942 2651 1024 2699 editio.
1042 2666 1131 2705 omnes,
1141 2659 1168 2697 ut
1178 2660 1244 2714 puto,

750 2727 849 2775 frustra:
868 2743 921 2774 unm
935 2724 1004 2774 unice
1021 2724 1108 2771 arridet
1118 2723 1244 2786 elegentis-

750 2802 809 2849 simn
819 2800 889 2849 lectio
900 2800 988 2849 codicis
999 2797 1095 2848 alterius
1105 2798 1245 2847 Bemeusis:

752 2874 798 2923 Dic
813 2892 861 2937 que
878 2877 972 2937 repetitu
987 2890 1028 2935 per
1039 2890 1104 2920 arma
1119 2873 1166 2919 est?
1183 2872 1246 2920 varie

751 2949 814 2996 enirn
825 2948 866 2996 illo
876 2949 989 2996 vocabulo
997 2949 1041 2995 Dic
1048 2956 1146 2995 utuntur
1152 2946 1246 3007 Poetse3

752 3030 793 3070 aut
811 3022 836 3070 in
851 3021 1076 3087 exprobrationibus,
1092 3021 1122 3068 de
1138 3036 1185 3084 quo
1196 3020 1246 3069 vid.

752 3096 842 3145 Brouk.
854 3096 884 3145 sd
895 3096 965 3161 Prop.
977 3096 1010 3144 iv.
1023 3095 1057 3143 iii.
1069 3097 1109 3144 23.
1120 3103 1145 3144 et
1155 3095 1187 3143 iv.
1199 3096 1248 3145 viii.

756 3171 794 3218 17.
812 3179 853 3218 sut
871 3170 895 3218 in
912 3172 1013 3233 superbe
1026 3169 1183 3226 adlocutione,
1198 3168 1248 3220 rid.

753 3245 819 3293 Serv.
831 3245 861 3293 ad
872 3245 939 3309 virg.
950 3244 992 3292 vii.
1008 3244 1104 3293 AEneid.
1115 3246 1171 3293 546.
1188 3261 1247 3311 pre·

753 3319 837 3385 cipuus
846 3335 901 3368 vero
912 3321 963 3385 ejus
978 3337 1034 3369 usus
1050 3318 1074 3368 iu
1085 3320 1249 3385 provocatione

754 3394 830 3459 quasi,
840 3400 867 3442 ut
883 3396 992 3459 probaret
1006 3403 1030 3443 et
1046 3394 1160 3460 exemplis
1176 3394 1248 3443 adfir-

754 3477 829 3517 maret
847 3468 937 3533 aliquid
956 3468 1005 3526 ille,
1017 3485 1071 3517 cum
1082 3484 1129 3532 quo
1147 3468 1248 3533 agimus.

754 3542 803 3591 lere
812 3541 884 3591 simili
894 3542 963 3590 ruodo
974 3544 1079 3607 Propert.
1090 3542 1115 3589 ii.
1124 3541 1192 3589 xxiii.
1204 3541 1239 3589 iii.

789 3616 834 3663 Dic
845 3619 907 3671 milri,
919 3619 967 3678 quis
979 3618 1054 3679 potnit
1071 3618 1153 3663 lectum
1163 3630 1251 3661 servaro

816 3692 942 3751 pudicum?

756 3763 804 3814 Ubi
825 3763 970 3812 Passeratius
987 3761 1136 3811 Idiotismum
1154 3760 1251 3808 interro-

755 3837 833 3902 gentis
853 3854 907 3885 curn
930 3833 1049 3884 stomacho
1071 3841 1144 3880 notat.
1172 3841 1197 3879 et
1217 3832 1252 3880 ite

755 3927 817 3975 saepe
829 3911 915 3958 Noster
925 3918 949 3956 et
959 3907 1007 3955 alii.
1024 3908 1113 3954 Bunu.

788 3986 846 4032 344.
865 3983 895 4031 Et
907 3980 981 4042 tutu]
1001 3978 1099 4027 Francio
1111 3977 1251 4027 1001110011-

756 4056 864 4113 debatur,
876 4066 927 4104 tuto
937 4056 974 4102 sed
983 4071 997 4100 o
1007 4053 1073 4100 bello.
