2904 4994
487 352 746 431 HEROIDES.
769 353 839 421 ΕΡ.
864 356 953 421 ΧΙΙ.
1175 360 1249 427 159.

200 534 328 612 sitini
346 556 431 607 sum
447 532 551 620 vilis3
580 553 797 604 communes
815 531 1096 629 respieenntos.

250 653 389 727 Saeviet
406 652 443 724 in
462 661 589 750 partus
608 650 689 722 dira
705 671 864 721 noverca
880 671 998 721 meos,

201 770 253 845 Et
268 769 424 843 nimium
444 768 583 842 similes
601 766 670 839 tibi
688 775 795 838 sunt:
825 773 864 837 et
882 764 1043 860 imagine
1060 774 1213 864 tangor:

250 884 313 974 Et,
333 885 481 982 quoties
499 883 619 968 video,
639 880 781 954 lumina
797 890 927 953 nostra·
941 881 1105 955 madent.
1173 887 1243 958 190

201 1000 277 1076 Per
294 1024 450 1100 superos
468 1024 544 1086 ore,
565 1023 631 1098 per
649 998 755 1071 avitae
773 997 914 1069 lumina
930 997 1103 1085 flammae,

252 1115 328 1191 Per
345 1115 531 1201 meritum,
551 1114 591 1189 e‘t
607 1125 727 1200 nates,
747 1114 903 1212 pignora
919 1126 1056 1201 nostra,
1076 1116 1191 1190 duos:

197 1230 339 1306 Redde
356 1242 500 1319 torum3
530 1254 597 1329 pro
616 1254 691 1326 quo
708 1239 765 1302 tot
782 1253 840 1303 res
858 1229 990 1303 insana
1006 1232 1152 1329 reliqui.

252 1348 363 1421 Adde
380 1348 493 1420 fidem
510 1347 643 1435 dictis;
673 1346 929 1445 auxiliumque
948 1347 1056 1421 refer.

205 1462 242 1536 N
244 1488 293 1537 on
311 1488 381 1561 ego
400 1475 438 1537 te
456 1464 613 1561 imploro
631 1472 761 1535 eontra
777 1471 980 1559 taurosque
997 1464 1193 1562 virosque3

255 1579 385 1676 thue
404 1567 471 1652 tud
487 1602 640 1677 serpens
658 1578 760 1651 vieta
777 1579 927 1674 quiscat
943 1603 1026 1676 ope.
1177 1585 1246 1656 196

205 1693 260 1769 Te
278 1705 378 1793 peto,
398 1718 512 1791 quem
529 1693 660 1779 merui,
681 1716 793 1790 quern
811 1693 918 1767 nobis
937 1694 1019 1791 ipse
1036 1695 1194 1786 dedisti;

258 1810 356 1885 Cum
375 1835 450 1908 quo
468 1835 552 1884 sum
570 1810 708 1908 pariter
725 1808 825 1884 facta
841 1820 996 1908 parente
1014 1835 1161 1909 parens.

208 1925 288 2001 Dos
305 1928 370 2002 ubi
388 1928 449 2015 sit,
469 1928 627 2026 qu'aeris:
656 1950 790 2024 eampo
803 1927 1078 2001 numeravimus
1096 1928 1171 2016 illo,

258 2043 333 2127 Qui
349 2042 431 2130 tibi,
451 2045 571 2117 laturo
588 2043 719 2129 vellus
739 2044 900 2117 arandus
918 2053 1010 2119 erat.
1175 2052 1249 2121 200

208 2157 356 2232 Aureus
373 2160 436 2233 ille
454 2160 562 2246 arieS,
581 2159 667 2232 villo
690 2159 907 2257 spectabilis
925 2183 1050 2246 aureo,

259 2272 339 2347 Dos
357 2299 460 2349 mea:
491 2275 626 2361 Quam,
646 2274 769 2347 dicam
787 2275 818 2347 si
837 2275 1074 2366 tibi„redde;
1103 2302 1232 2374 neges

211 2388 292 2463 Dos
309 2415 404 2478 mea,
424 2401 466 2464 tu
485 2415 633 2488 sospes:
654 2391 723 2462 dos
742 2399 800 2463 est
817 2415 914 2476 mea,
930 2390 1047 2489 Graja
1058 2393 1236 2488 juventus

261 2504 280 2578 Ι
298 2531 409 2594 nunc,
431 2507 640 2607 Sisyphias,
661 2506 841 2604 improbe,
862 2506 990 2580 confer
1009 2532 1113 2606 opes,

245 2722 299 2772 189.
322 2723 354 2772 Er
371 2724 488 2788 nimium]
512 2725 624 2775 Francius
643 2726 707 2774 vole·
791 2726 888 2788 Liqreisti
899 2737 971 2782 natm,
982 2727 1078 2791 pignera
1091 2735 1176 2782 nostra,
1187 2729 1253 2776 durs.

210 2797 267 2847 bct:
758 2799 787 2847 Iu
798 2799 851 2847 niiis
868 2807 925 2855 tues,
937 2800 1002 2864 quod
1016 2803 1052 2864 τῷ
1066 2810 1143 2848 nostra
1157 2804 1256 2866 pignora

246 2870 279 2920 Ur
288 2874 383 2921 nimium
393 2874 474 2922 similes
485 2877 526 2922 ridi
539 2883 601 2929 runt,
614 2876 708 2922 urime-
758 2872 851 2921 videtur
871 2871 971 2938 opponi:
999 2882 1023 2921 et
1040 2873 1144 2938 profecto
1164 2874 1256 2925 Seneca

274 2948 329 3011 gius
338 2956 430 3012 tangor.
758 2945 783 2992 in
804 2944 892 2994 Medea
914 2946 970 2994 479.
1010 2945 1109 2995 Teanam
1130 2963 1256 3012 agnoscere

212 3017 351 3086 Isisregins
359 3020 709 3087 reugwluvaniens.sedillud
759 3018 866 3067 videtur:

212 3092 365 3158 «eleganter
375 3094 496 3159 repetitur.
506 3110 571 3160 supr.
580 3110 640 3143 vers.
651 3096 708 3144 355.
794 3092 840 3139 Per
849 3108 896 3154 spes
914 3103 1006 3141 tuorum
1023 3094 1118 3142 liberem
1131 3104 1155 3143 er
1171 3104 1258 3144 mrum

246 3167 397 3232 Ersmrorur
406 3169 710 3234 erar,ermsmeafatatra·
825 3168 904 3216 larem.

277 3241 368 3290 hunt.
761 3239 814 3288 Nisi
825 3243 921 3289 durmin
932 3240 982 3289 iilic
992 3239 1128 3305 legendum.
1146 3241 1238 3291 Hesus.

249 3315 304 3365 191.
333 3315 456 3381 imminu]
492 3316 566 3364 Modo
592 3314 712 3381 precessit
796 3315 851 3363 194.
869 3314 949 3363 Fidem
959 3315 1048 3378 dictu]
1067 3314 1146 3364 Paetis
1155 3316 1259 3366 malebat

214 3390 311 3438 imma.
327 3405 400 3454 quare
419 3389 477 3439 sorte
496 3404 511 3437 a
528 3389 624 3438 Nasone
640 3388 712 3454 scrip·
763 3386 819 3436 olim
841 3388 965 3438 Heinsius:
983 3389 1030 3439 Sed
1049 3405 1181 3455 perperam.
1202 3391 1259 3442 Ter.

212 3469 265 3510 tum
283 3460 361 3519 suerit,
378 3463 442 3527 quod
461 3462 486 3511 in
500 3463 606 3519 Venetis,
624 3461 714 3510 Aldina
763 3462 837 3511 Adel.
850 3465 912 3513 v.³.
940 3464 1036 3513 Dictum
1045 3467 1107 3512 inter
1117 3482 1156 3514 nos
1161 3465 1225 3530 fisi.
1236 3476 1261 3516 et

214 3535 291 3600 priore
302 3544 327 3586 et
336 3536 476 3585 Bersmami
489 3535 639 3593 editionibus,
655 3535 714 3585 etin
764 3536 798 3585 its
809 3539 895 3587 Noster
905 3554 978 3604 sepe.
994 3538 1044 3588 vid.
1058 3538 1091 3587 iv.
1104 3540 1205 3589 Metam.
1217 3542 1260 3590 95.

214 3625 264 3659 uno
274 3609 351 3676 Regio
362 3620 407 3667 est,
420 3615 525 3660 numina.
541 3620 568 3659 ut
579 3627 641 3677 supr.
652 3627 714 3662 vers.
764 3613 827 3661 mele
844 3612 916 3661 etiam
932 3613 1031 3678 Regius,
1043 3615 1177 3678 ediumque
1193 3617 1262 3680 rffer.

216 3683 257 3733 ⁷⁸.
279 3685 408 3751 Pergentes
417 3695 439 3733 et
451 3695 626 3735 sumersetensis
638 3688 715 3734 uiden·
765 3686 850 3734 Senec.
862 3685 930 3734 Med.
942 3688 1000 3736 482.
1012 3688 1091 3735 Redde
1098 3689 1195 3749 supplici
1197 3689 1262 3751 felir

215 3759 245 3806 iis
260 3760 308 3807 sei.
334 3759 634 3808 Valer.1·'lacc.v.245.
669 3759 716 3806 Pa·
766 3762 845 3808 dcem.
878 3761 968 3810 Burur.

216 3833 551 3895 irismpreprscetnrnumen.
576 3833 665 3881 Burrus.
797 3833 1110 3895 203.Dosmeurusorpes.]
1130 3832 1222 3880 Caussa
1231 3833 1262 3881 ab

251 3907 307 3955 192.
326 3906 431 3955 Etruros
445 3911 542 3972 pignora
552 3909 620 3955 redde
635 3907 713 3970 dm]
766 3907 909 3957 effectunon
918 3917 1049 3974 separetur.
1066 3905 1204 3954 Crorsnus.
1221 3906 1263 3955 Se·

215 3979 273 4029 Jsm
283 3979 394 4030 admonui
405 3977 430 4028 in
441 3980 506 4029 libris
516 3980 629 4029 Tristium
636 3981 670 4029 its
680 3982 715 4030 le·
766 3997 821 4031 nec.
828 3981 897 4031 Med.
908 3982 965 4030 489.
984 3979 1036 4027 Hac
1043 3980 1094 4025 ders
1104 3981 1170 4040 nupsi
1176 3995 1185 4036 ‚-
1195 3981 1265 4028 redde

217 4053 332 4119 gendum.
366 4053 504 4104 Crorssus.
538 4055 640 4120 Pignora
663 4072 718 4103 cura
759 4055 929 4121 fugitatione.
963 4053 1010 4101 Des
1026 4052 1081 4098 mihi
1096 4049 1263 4102 hicannicn·

217 4125 267 4176 dno
293 4127 382 4194 scripti.
416 4129 464 4178 Sed
484 4129 604 4179 Ausonius
626 4129 719 4181 videtur
767 4127 1045 4195 dsetruperioriversu
1055 4123 1216 4175 Bsiliolemis.

219 4199 326 4254 inritatus
335 4201 361 4252 in
372 4203 552 4255 Pureutdibus:
800 4203 858 4253 904.
875 4199 973 4258 inune,
989 4199 1112 4266 Sisyphios,
1122 4198 1183 4266 δια]
1200 4200 1265 4253 hu·
