2896 4980
496 353 754 422 HEROIDES.
778 353 848 421 ΕΡ.
873 354 942 420 ΙΧ.
1173 363 1235 429 121

198 530 273 607 nat
287 530 433 604 vultum
450 531 589 629 populo
608 529 768 603 sublime
785 530 855 602 sub
875 526 1037 603 Hercule
1054 530 1174 613 victo:

245 646 456 721 OEchaliam
472 648 555 722 vivo
573 658 672 722 stare
689 656 843 747 parente
860 656 983 745 putes.
1164 653 1234 723 130

197 760 365 836 Forsitan
383 773 433 850 et,
452 764 561 861 pulsa
578 763 740 837 AEtolide
759 760 948 846 Deianira,

245 876 408 953 Nomine
424 880 596 977 deposito
613 879 770 978 pellicis,
790 902 884 951 uxor
902 877 992 951 erit:

196 991 475 1092 Eurytidosque
495 993 605 1081 Io'leS,
624 1006 738 1094 atque
757 994 875 1067 insani
893 993 1036 1066 Alcidoe

242 1107 384 1208 Turpia
400 1108 565 1183 famosus
583 1134 739 1210 corpora
749 1111 886 1207 junget
902 1106 1067 1206 Hymen.

196 1221 306 1298 Mens
323 1225 421 1323 fugit
438 1226 642 1314 admonitu,
661 1225 853 1322 frigusque
867 1226 1103 1322 perambulat
1119 1238 1232 1318 artus,

245 1338 296 1415 Et
306 1341 412 1438 jacet
429 1341 467 1416 in
484 1342 624 1439 gremio
642 1341 819 1438 languida
834 1340 934 1414 facta
951 1365 1095 1415 manus.
1164 1349 1234 1420 136

196 1453 262 1530 Me
295 1480 449 1556 quoque
483 1482 570 1531 eum
597 1458 736 1544 multis
769 1457 836 1530 sed
866 1480 927 1530 me
958 1457 1038 1554 sine
1067 1458 1232 1551 crimine,

246 1570 306 1647 Ne
325 1573 464 1671 pigeat,
484 1598 619 1672 pugnae
638 1574 696 1647 bis
713 1572 781 1647 tibi
799 1597 934 1647 caussa
950 1573 1015 1648 sui.
1061 1576 1232 1671 [amisth

198 1685 349 1762 Cornua
365 1689 459 1763 flens
476 1690 568 1786 legit
585 1688 674 1787 ripis
692 1689 881 1762 Achelous
898 1690 937 1761 in
953 1689 1051 1776 udis,
1207 1703 1210 1711 '

244 1799 469 1901 Truncaque
485 1804 618 1877 limosi
635 1815 803 1902 tempora
820 1806 950 1878 mersit
966 1827 1077 1902 aqua.
1164 1812 1234 1881 140

199 1914 356 1992 Semivir
373 1920 550 1993 occubuit
568 1921 605 1993 in
623 1919 766 1993 letifero
787 1918 915 1994 Eveno
1095 1993 1097 1998 .

246 2032 392 2131 Nessus
407 2063 416 2124 ;
446 2047 485 2109 et
501 2035 630 2109 infecit
646 2035 798 2131 sanguis
815 2035 975 2132 equinus
992 2059 1124 2133 aquas.

196 2247 288 2309 dcem,
298 2250 399 2302 indicat.
409 2252 444 2301 ita
453 2252 538 2302 Horat.
549 2254 575 2303 ii.
594 2255 645 2304 Sat.
654 2254 690 2304 iii.
740 2251 860 2301 Clement.
872 2253 913 2301 20,
929 2251 1010 2300 livius
1021 2251 1054 2300 lii.
1070 2253 1112 2302 61.
1130 2248 1235 2303 Foroclor

199 2324 269 2374 1008.
740 2329 803 2376 abre
813 2328 946 2391 longara.
984 2327 1074 2375 Eunu.

228 2397 302 2448 Latus
311 2410 338 2448 ut
349 2402 376 2448 in
385 2401 446 2447 circo
455 2404 560 2463 spatiere.
776 2402 829 2450 135.
846 2399 868 2447 F
869 2399 996 2464 agesque]
1010 2399 1126 2449 Mendose
1138 2400 1175 2449 hic
1186 2402 1235 2451 Pu·

197 2472 246 2523 Ubi
255 2473 342 2524 nollem
355 2475 433 2523 virum
448 2474 609 2526 doctissimum
624 2478 691 2527 Mes-
740 2482 838 2524 teaneus
840 2474 995 2539 frigidosque.
1018 2472 1101 2537 Frigus
1110 2482 1146 2521 est
1156 2475 1236 2525 mortis

196 2545 286 2597 senium
296 2547 321 2596 in
329 2548 379 2596 rita
385 2549 478 2598 Horatii
487 2566 542 2616 pag.
553 2553 608 2601 135.
619 2554 691 2599 lotum
741 2546 850 2597 instantis
860 2546 984 2596 indicium.
1001 2546 1036 2595 ita
1045 2547 1079 2595 iii.
1089 2546 1173 2596 Amor.
1184 2547 1234 2598 xiv.

196 2636 238 2686 pro
252 2631 341 2671 seclum
356 2638 449 2688 cepere,
459 2624 528 2689 quusi
542 2624 690 2690 participium
741 2621 782 2669 37·

195 2696 354 2761 κάπρω.
371 2697 436 2762 quod
449 2714 526 2762 neque
543 2702 579 2763 τῷ
597 2702 691 2761 specim
742 2693 807 2742 Mem
815 2694 861 2740 abit
870 2690 921 2755 (vel
921 2691 1131 2755 jirgir)etmorior.
1147 2693 1236 2744 Eunu.

196 2769 314 2826 convenit,
332 2785 411 2835 neque
429 2771 512 2838 Ampl.
533 2772 641 2838 Cuperem
661 2773 691 2823 de
775 2768 829 2816 139.
840 2767 935 2827 Raptus
943 2767 1052 2814 Achelous
1060 2765 1182 2828 intrudis]
1192 2767 1236 2816 Ri-

196 2839 241 2891 hoe
254 2841 308 2893 loeo
324 2859 418 2893 mecum
429 2861 509 2910 agens,
520 2862 601 2895 verum
611 2846 691 2895 crede.
738 2842 774 2901 pls
781 2841 889 2887 Achelous
899 2841 925 2885 ln
933 2841 982 2886 lmll
989 2839 1131 2887 Puteeneus.
1142 2837 1185 2887 sed
1193 2857 1236 2904 pro

195 2913 238 2963 bet
251 2914 369 2965 Pretoriis
379 2933 434 2966 eum
443 2918 555 2967 honorem
569 2919 691 2977 tributum,
740 2916 791 2961 imit
800 2909 1115 2978 aliudquidamanuprima
1123 2911 1237 2978 seriptum

196 2995 224 3037 nt
243 3004 312 3039 curm
330 2990 416 3055 insigni
436 3001 460 3040 et
480 3008 540 3057 pene
557 2993 692 3058 triumphali
741 2987 865 3036 ridebatur
890 2985 971 3034 luisse.
1007 2985 1187 3050 Argentiuensis
1212 2995 1238 3036 et

196 3060 347 3113 veherentur.
364 3064 406 3113 sed
417 3067 478 3113 laem
487 3071 583 3128 spatiere
592 3077 628 3115 est
638 3083 692 3115 cum
742 3060 810 3116 elius,
821 3075 891 3124 quem
902 3058 962 3107 eCl.
970 3060 1004 3108 V.
1020 3060 1112 3109 Jecobo
1120 3060 1238 3110 lllentelio

196 3133 292 3202 pompe,
309 3137 380 3194 fastu,
399 3138 477 3202 qualis
493 3148 545 3187 em
561 3141 648 3189 Menas
664 3141 691 3188 15.
742 3134 830 3183 donum
841 3134 931 3198 accepi,
941 3136 997 3195 ripis
1011 3136 1072 3183 udis.
1089 3151 1136 3199 quo
1153 3134 1238 3186 alludit

196 3207 277 3258 bertin
287 3210 403 3277 Pompeji,
417 3211 458 3276 qui
475 3229 566 3261 sacram
579 3212 692 3262 metieba-
742 3215 767 3256 et
783 3206 938 3256 farnesianus
954 3225 1023 3267 unus,
1039 3208 1081 3274 qui
1097 3212 1152 3271 ripis
1170 3213 1238 3260 undis

197 3289 235 3330 tur
246 3282 309 3332 riam
319 3299 373 3333 cum
381 3285 418 3334 bis
428 3285 498 3335 trium
509 3287 617 3335 ulnarum
628 3296 691 3351 toga.
742 3283 823 3331 habet.
856 3282 884 3330 ln
895 3281 946 3347 ripa
956 3284 1020 3331 enim
1030 3283 1151 3332 Achelous
1161 3284 1237 3332 flumi-

197 3354 282 3406 Horat.
294 3358 413 3422 Epod.iv.
447 3361 537 3409 Eunu.
742 3358 787 3414 nis,
799 3373 845 3406 non
856 3356 941 3422 inipso
951 3357 1047 3407 flumine
1064 3373 1119 3406 curn
1134 3358 1237 3408 Hercule

232 3432 285 3481 129.
302 3433 352 3481 Dat
367 3436 456 3482 vultum
465 3439 546 3497 popolo
556 3438 655 3485 sublimis
665 3448 693 3485 ur
742 3441 779 3480 est
792 3432 903 3480 luctatus.
937 3429 998 3481 Imm
1010 3433 1113 3481 Nasonis
1127 3433 1171 3481 hoc
1186 3432 1239 3482 loco

197 3503 299 3555 Homo
313 3508 396 3570 victa]
421 3508 520 3557 sublima
537 3513 577 3557 an
592 3511 694 3560 Hercule
742 3510 804 3568 ripa·
827 3506 949 3554 confirmat
975 3505 1062 3555 Bolth·
1090 3508 1121 3557 de
1141 3507 1238 3557 consol.

197 3581 254 3627 siclo
260 3588 395 3629 constanter
402 3581 491 3646 scripti.
508 3583 596 3633 Nescio
606 3594 692 3642 tamen,
743 3581 831 3628 Philos.
841 3580 884 3629 lib.
895 3579 927 3629 iv.
938 3579 1018 3629 Germ.
1029 3580 1070 3630 vii.

196 3668 229 3703 sn
244 3668 291 3702 non
310 3654 406 3712 rectius,
427 3659 528 3705 molinus
543 3661 571 3705 ab
592 3659 693 3706 Hercule
775 3653 860 3701 Fronte
871 3663 976 3716 turpatus
986 3655 1096 3702 Achelois
1106 3654 1155 3699 imis

196 3731 263 3785 siclo,
285 3745 316 3777 ex
341 3730 500 3779 lllenteliano.
528 3732 611 3781 similis
631 3749 693 3781 error
776 3728 1079 3788 Orodemersitpudibumlo
1089 3728 1154 3786 lllll&

197 3802 260 3866 apud
279 3802 322 3852 Sil.
341 3804 372 3851 xi.
391 3806 449 3853 246.
466 3807 508 3853 ubi
524 3822 564 3870 pro
580 3810 693 3869 victorque
743 3803 853 3849 Achelous
872 3803 952 3856 amnis,
969 3815 1091 3864 perperam
1109 3813 1171 3846 nunc
1189 3796 1238 3847 illic

196 3877 293 3926 imae
310 3879 351 3926 rol
372 3881 409 3926 ira
428 3879 564 3943 laffremuim
583 3881 693 3931 Heinsius
742 3886 789 3935 loci
796 3885 964 3935 circumfertur.
976 3881 1239 3932 sratffnemidniniv.

197 3949 303 3999 rescribit
311 3954 417 3999 immonis
426 3954 455 3999 ab
471 3955 516 4001 ira.
545 3955 654 4003 Maerob.
666 3954 692 4004 ii.
777 3963 856 4010 Amnis
865 3958 1239 4008 aohmimnctxtmncamattol-

197 4023 222 4072 4.
253 4024 361 4074 Sublimis
374 4028 469 4074 Actiaca
485 4030 579 4076 uictoria
596 4041 693 4081 reuerte-
810 4036 855 4082 lere
858 4034 963 4099 frontem

197 4098 272 4167 ieter.
306 4101 341 4147 An
353 4108 433 4149 sutem
443 4100 482 4150 hic
497 4118 539 4166 pro
554 4105 588 4159 ol,
602 4116 694 4167 propter
778 4112 853 4157 Ausus
863 4108 1000 4169 ‹zpria—
1117 4103 1207 4151 Huius.

196 4173 304 4224 unitur.
323 4173 374 4223 vid.
385 4175 459 4224 Gron.
478 4175 508 4224 ad
526 4178 609 4226 Sencc.
626 4179 644 4226 i.
663 4181 693 4229 de
780 4183 834 4229 141.
855 4181 881 4227 Vi
895 4177 1057 4240 remiseram
1068 4176 1170 4238 meno]
1187 4177 1242 4226 Me·
