2904 4994
482 345 695 415 AMORUM
728 344 819 414 ΗΒ.
844 348 912 414 ΠΙ.
935 352 967 414 4.
1196 354 1265 418 407

566 607 792 683 ELEGIA
820 609 888 682 IV.

215 755 319 829 Dure
337 756 403 842 vir,
422 756 596 854 imposito
613 768 751 831 tenerae
769 756 927 829 custode
945 757 1092 856 puellae,

263 869 328 942 Nil
346 872 438 966 agis.
466 872 615 968 ingenio
633 896 794 969 quaeque
811 873 951 946 tuenda
968 896 1049 945 suo.

214 985 255 1057 Si
275 1009 351 1083 qua
363 997 465 1060 metu
475 987 603 1062 demto
618 998 722 1060 casta
735 997 811 1074 est;
832 1011 878 1061 ea
887 987 1051 1083 denique
1063 998 1169 1060 casta
1177 1001 1252 1064 est:

263 1100 371 1188 Quae,
391 1103 571 1199 quianon
590 1102 713 1188 liceat,
732 1126 807 1174 non
826 1102 926 1188 facit,
947 1102 1011 1174 illa
1027 1101 1127 1176 lacit.

213 1214 267 1287 Ut
279 1217 360 1312 jam
378 1219 534 1291 servaris
552 1218 649 1291 bene
663 1241 815 1316 corpus;
837 1218 1121 1290 adulteramens
1135 1227 1211 1290 est:
1231 1223 1254 1292 5

263 1330 344 1405 Nec
363 1333 554 1418 custodiri,
573 1332 610 1405 ni
628 1332 728 1419 velit,
747 1331 811 1405 illa
828 1343 966 1430 potest.

211 1444 247 1517 N
251 1469 294 1519 ec
312 1458 477 1521 mentem
495 1471 641 1521 servare
659 1457 779 1545 potes,
800 1446 887 1520 licet
905 1449 1031 1520 omnia
1047 1447 1216 1521 claudas.

263 1560 450 1635 Omnibus
467 1561 628 1635 occlusis
647 1561 746 1634 intus
765 1563 912 1635 adulter
928 1563 1009 1636 erit.

212 1675 285 1748 Cui
303 1699 461 1773 peccare
479 1677 578 1763 licet,
599 1687 733 1774 peccat
750 1677 885 1749 minus.
914 1678 998 1774 ipsa
1014 1689 1180 1776 potestas

262 1791 415 1866 Semina
432 1793 609 1890 nequitiae
627 1792 858 1888 languidiora
875 1793 976 1867 lacit.
1208 1800 1253 1866 10

210 1903 352 1981 Desine
369 1910 499 2004 (crede
516 1909 624 2002 mihi)
642 1909 732 1982 vitia
749 1909 891 1983 irritare
908 1912 1086 1986 vetando:

259 2021 455 2120 Obsequio
472 2024 598 2097 vincas
617 2023 741 2122 aptius
760 2024 824 2098 illa
840 2037 918 2099 tuo.

209 2135 296 2210 Vidi
314 2163 385 2236 ego
403 2164 523 2237 nuper
536 2163 688 2237 equum,
703 2150 833 2213 contra
846 2164 916 2214 sua
928 2141 1050 2216 vincla
1062 2153 1247 2228 tenacem,

259 2252 336 2328 Ore
353 2257 552 2329 reluctanti
569 2255 732 2328 fulminis
751 2256 804 2330 ire
824 2257 948 2330 modo.

209 2369 400 2457 Constitit,
419 2382 461 2444 ut
478 2371 639 2470 primum
657 2395 857 2445 concessas
875 2373 993 2446 sensit
1002 2372 1181 2458 habenas,
1205 2376 1248 2446 15

258 2485 454 2583 Frenaque
472 2488 509 2560 in
528 2486 647 2561 effusa
665 2486 753 2559 laxa
764 2489 892 2583 jacere
905 2489 1014 2584 juba.

208 2598 372 2674 Nitimur
389 2602 427 2673 in
444 2602 600 2675 vetitum
618 2624 779 2698 semper,
798 2602 1048 2699 cupimusque
1066 2613 1214 2696 negata.

258 2715 321 2787 Sic
340 2716 546 2789 interdictis
564 2715 734 2787 imminet
751 2737 850 2811 aeger
868 2718 987 2812 aquis.

207 2831 371 2905 Centum
389 2832 508 2906 fronte
526 2832 665 2916 oculos,
685 2841 837 2903 centum
855 2832 999 2905 cervice
1018 2832 1173 2927 gerebat

255 2947 397 3044 Argus:
427 2958 465 3021 et
482 2948 550 3020 hos
568 2971 664 3019 unus
683 2970 785 3045 saepe
804 2946 935 3021 fefellit
952 2948 1079 3021 Amor.
1198 2955 1247 3020 20

205 3061 250 3134 ln
268 3064 473 3135 thalamum
492 3060 622 3135 Danai}
640 3086 733 3136 saxo
751 3062 923 3160 ferroque
942 3088 1144 3162 perennem

254 3177 348 3261 Quae
363 3178 483 3251 luerat
499 3179 601 3275 virgo
619 3179 767 3266 tradita,
787 3190 906 3252 mater
923 3190 1014 3252 erat.
1082 3179 1085 3189 “

204 3293 397 3390 Penelope
415 3295 564 3380 mansit,
583 3296 753 3391 quamvis
771 3295 928 3369 custode
945 3296 1109 3381 carebat,

253 3408 357 3482 lnter
374 3419 428 3483 tot
441 3411 599 3508 juvenes
617 3411 838 3487 intemerata
855 3434 1002 3510 procos.

235 3643 258 3690 l·
272 3641 498 3709 imposueruntque]
517 3648 622 3710 Αμρωὸῑο
632 3648 695 3697 vole·
746 3658 783 3705 cla
795 3655 903 3705 meliores
918 3670 999 3705 omues
1015 3665 1086 3706 recte.
1094 3657 1169 3721 frena
1186 3658 1244 3704 alte·

199 3716 372 3766 batFraucius.
387 3720 429 3767 sed
444 3719 501 3769 licet
517 3737 564 3768 nou
580 3721 651 3770 obvia
667 3723 697 3770 sit
746 3727 794 3778 rius
815 3729 1048 3796 interpretamentum
1068 3738 1112 3786 est,
1132 3728 1195 3794 qnod
1219 3739 1244 3778 et

199 3788 294 3846 locutio,
305 3806 346 3855 pro
356 3793 487 3857 preposito,
495 3794 605 3859 prefecto
614 3811 696 3860 regen·
746 3818 799 3852 mox
810 3802 923 3868 sequitur.
939 3803 1031 3851 llrrus.

198 3863 324 3921 dmuxori3
342 3864 463 3913 irritamen
475 3869 571 3916 verbum
583 3869 696 3918 hocsumi
781 3877 820 3924 16.
839 3875 868 3923 ln
889 3876 961 3941 efferri
990 3878 1041 3923 luxu
1056 3878 1136 3936 jacere
1155 3877 1241 3938 jobd]

199 3935 269 3985 docet
286 3938 368 3987 Barth.
379 3938 409 3986 ad
420 3940 480 3988 Stat.
491 3944 524 3990 vi.
535 3943 611 3992 llreb.
621 3945 693 4008 321]
745 3948 845 3997 Mallius
854 3948 898 3996 erit
908 3962 1012 4003 carmen,
1020 3947 1040 3995 si
1051 3955 1116 3995 utest
1124 3946 1149 3995 in
1160 3964 1242 3996 mauu·

198 4010 288 4057 Banu.
745 4020 847 4086 scriptis,
858 4020 1022 4086 efficorjubue,
1032 4018 1057 4069 id
1067 4029 1103 4068 est
1113 4022 1197 4079 crines,
1209 4023 1242 4071 lc-

233 4085 273 4132 1³.
286 4085 371 4133 Contra
383 4087 501 4151 rnasreno
513 4092 634 4153 terrorem]
652 4092 694 4140 Le-
745 4094 856 4157 gerimus.
877 4094 989 4142 ltlnnruu.

197 4156 404 4220 gituretiam.nm
415 4162 490 4208 tinctu
508 4161 621 4211 Murrus.
642 4163 695 4211 Vin·
778 4166 1090 4231 balneariarum]
1125 4168 1190 4219 lmor
1211 4181 1244 4219 tot

920 4245 999 4294 Ddl
