2896 4980
431 365 694 434 HEROIDES.
716 365 787 432 ΕΡ.
811 366 860 433 11.
1128 374 1173 443 15

127 536 199 613 Dic
216 538 307 613 milri
324 539 417 638 quid
433 539 519 626 feci,
538 542 609 617 nisi
626 566 702 617 non
719 543 907 643 sapienter
923 545 1070 621 umeri?

177 653 343 730 Crimine
360 668 399 732 te
415 657 521 756 potui
538 657 769 734 demeruisse
785 683 883 733 meo.

22 851 26 858 ¹
128 767 255 843 Unum
267 771 308 847 in
319 797 380 847 me
391 774 515 849 scelus
529 786 599 864 est,
613 775 716 875 quod
728 787 779 863 te,
791 777 985 865 scelerate,
1000 782 1139 881 recepi.

177 885 255 961 Sed
268 889 391 963 scelus
404 889 611 995 hopmeriti
626 893 772 990 pondus
787 900 826 965 et
838 891 955 967 instar
967 895 1093 971 habet.
1122 902 1173 973 30

125 998 228 1088 Jura,
248 1003 355 1091 fides,
373 1005 438 1079 ubi
461 1029 574 1093 nunc,
594 1007 870 1105 commissaque
897 1008 1054 1085 dexteru
1077 1011 1171 1086 dex·

177 1115 328 1217 Quique
346 1118 480 1195 eratin
497 1120 591 1196 falso
609 1121 789 1220 plurimus
806 1146 871 1197 ore
889 1123 1020 1198 Deusl
1065 1127 1171 1222 [trael

126 1229 340 1308 Promissus
358 1236 480 1310 socios
497 1237 564 1312 ubi
580 1261 680 1311 nunc
699 1236 932 1336 Hymenaeus
948 1236 988 1313 in
1005 1263 1137 1330 annos,

177 1347 251 1432 Qui
270 1352 361 1425 mihi
379 1355 543 1452 conjugii
561 1377 718 1454 sponsor
734 1365 774 1429 et
789 1354 902 1429 obses
918 1365 1010 1430 erut.

126 1460 202 1537 Per
217 1490 332 1556 mure,
351 1471 453 1567 quud
469 1479 590 1545 totum
601 1469 721 1545 ventis
739 1469 900 1567 agitatur
915 1482 956 1546 et
970 1473 1102 1564 undis;
1121 1477 1171 1549 35

176 1579 252 1656 Per
268 1586 371 1683 quod
387 1610 489 1687 sepe
505 1587 613 1675 ierus,
632 1611 701 1687 per
716 1584 827 1685 quot·
835 1587 955 1662 iturus
972 1611 1077 1678 erus3

126 1692 279 1796 Perque
294 1710 400 1775 tuum
418 1704 509 1778 mihi
522 1704 669 1802 jurasti,
689 1702 780 1800 (nisi
796 1701 907 1777 fictus
924 1712 963 1777 et
980 1703 1043 1778 ille
1060 1703 1136 1801 est)

177 1812 337 1890 Concita
352 1818 419 1916 qui
434 1819 556 1893 ventis
573 1841 725 1917 aequora
741 1818 893 1906 mulcet,
912 1842 1043 1895 nrum:

126 1925 202 2002 Per
218 1929 416 2020 Venerem,
436 1934 668 2031 nimiumque
685 1934 776 2008 milri
794 1932 971 2011 facientia
986 1938 1076 2025 tela,

174 2040 306 2120 Altera
323 2048 398 2122 tela
414 2072 535 2137 arcus,
555 2050 672 2124 altera
687 2050 765 2124 tela
780 2049 904 2126 faces:
1119 2057 1170 2127 40

157 2304 197 2352 28.
216 2304 338 2370 Crimine]
347 2304 622 2375 Ammisffilicitut'em
671 2309 802 2376 Sicsellere
813 2309 1040 2377 Dmdionntnrqui
1048 2311 1170 2378 pejerem·

125 2392 166 2445 per
176 2378 278 2428 Ironiurn
287 2379 375 2430 crimen
385 2378 497 2448 appellnt.
504 2383 603 2434 Horren.
671 2394 735 2435 runt.
746 2385 781 2434 iii.
791 2383 872 2434 Amor.
881 2383 917 2433 iii.
929 2386 968 2434 15.

158 2456 199 2502 ³1.
222 2454 384 2519 Commissaque
403 2459 494 2506 dextero
514 2458 619 2524 dextre]
698 2455 1169 2524 DiciteDlsioosiorpunsfffelleritisto.

125 2528 200 2577 Scite:
218 2537 255 2578 est
269 2529 332 2579 enirn
347 2531 444 2583 dextere
459 2532 514 2583 fidei
528 2535 622 2599 symbo-
671 2531 726 2581 Lis.
743 2548 800 2581 xxx.
817 2533 859 2580 42.
879 2531 929 2581 Per
947 2547 1001 2594 quos
1020 2531 1079 2580 Deos
1088 2531 1171 2596 fedus

125 2604 265 2654 lum.C10r.
671 2608 743 2655 icturi
760 2615 838 2663 aaut,
848 2622 918 2668 quum
934 2623 976 2663 eos,
991 2622 1032 2667 per
1047 2623 1100 2669 quos
1115 2617 1171 2657 onte

157 2681 384 2743 superquartam
400 2682 455 2729 milri
457 2684 556 2744 jurasti,
566 2680 619 2746 dre]
670 2682 744 2729 ictum
762 2689 823 2738 met,
836 2679 993 2746 fefellissent?
1016 2679 1089 2729 lulsns
1114 2696 1170 2746 ergo

126 2754 265 2821 Neptunum
276 2753 390 2818 intellige.
401 2754 448 2803 Hic
458 2753 521 2804 euim
535 2754 621 2803 Thesei
672 2753 799 2820 Neptunus
812 2764 869 2811 eret,
880 2752 938 2818 quis
952 2752 1055 2820 p'eijurio'
1068 2770 1123 2804 eum
1134 2755 1169 2804 le-

125 2836 192 2892 pater
201 2825 304 2876 creditus
315 2827 367 2875 fuit.
374 2826 437 2877 uude
447 2835 472 2877 et
488 2827 584 2876 Isocrut.
595 2827 620 2876 in
671 2829 763 2878 lellerst
771 2828 940 2893 Demophoon:
957 2827 991 2877 sic
995 2828 1075 2894 subus
1082 2844 1124 2894 pro
1130 2845 1168 2889 eo,

126 2900 239 2950 Euoomio
259 2900 367 2959 Helene,
389 2902 430 2950 eal
450 2905 553 2966 πρῶτον
574 2901 621 2966 μὲν
671 2901 713 2969 qul
724 2898 1114 2958 lnllitur‚Ausun.Mo'sella.llll.

126 2977 229 3036 θησεῦς,
244 2974 328 3040 inquit.
343 2974 357 3024 ὁ
372 2974 506 3040 λεγόμενος
519 2976 566 3040 μὲν
577 2974 620 3024 Al·
734 2976 864 3023 -non
875 2974 1030 3042 lubricosolu'
1198 2983 1203 2994 ‘

126 3046 196 3112 γίως,
207 3049 340 3113 γενόμενος
347 3046 371 3097 δὲ
380 3045 621 3107 ὶκΠοσειδῶνος,ὃιο.
737 3050 838 3098 Memora
847 3058 938 3112 petum.

126 3121 157 3169 Et
167 3121 231 3187 opud
239 3120 374 3187 Euripidem
384 3121 409 3170 in
426 3121 621 3188 Hippolyto,ipse
671 3123 800 3174 Diomedes
815 3124 874 3173 libro
891 3122 967 3190 primo
984 3122 1065 3174 Instit.
1082 3123 1167 3173 urm.

124 3197 231 3247 'l'neseus
245 3195 280 3244 its
294 3196 419 3254 exclamat,
430 3197 449 3245 ὦ
464 3197 523 3253 deul,
534 3197 621 3248 Πόσει·
671 3200 751 3248 Fatlor
754 3198 840 3265 fautu,
842 3198 935 3264 sokun
938 3197 1012 3263 fucit,
1023 3207 1050 3246 ut
1064 3197 1149 3264 Vis-gil.

125 3271 178 3329 dou,
196 3271 230 3331 ὥς
250 3274 283 3337 dp
303 3269 342 3333 siff
360 3271 418 3338 ἐμὸς
435 3273 522 3336 πατὴρ
542 3273 622 3338 ὀρθῶς
734 3273 823 3339 -folsi
831 3275 932 3336 implerit
941 3275 1051 3339 genitoris
1057 3289 1170 3322 om:

125 3347 235 3405 hodone
248 3351 300 3397 τῶν
313 3345 380 3413 ἐμῶν
394 3346 580 3413 κατευγμάτων.
590 3348 622 3397 Et
671 3346 791 3412 Sigmfieot
802 3351 861 3396 euim
871 3347 1046 3415 quisulletotur
1054 3347 1135 3396 Hune.

124 3436 216 3472 nuum
231 3421 383 3488 Hippolytus,
401 3422 420 3471 ὦ
439 3419 505 3487 δῶρα
523 3423 621 3488 πατρὸς
646 3478 662 3496 .‚
701 3422 743 3471 39.
757 3421 902 3484 Nimiumque
909 3421 1166 3488 milisoclsntintelu]

126 3500 171 3547 σοῦ
182 3495 336 3554 Ποσειδῶνος
345 3493 430 3561 παρὰ.
437 3496 550 3544 Mrcrnn.
670 3493 754 3544 Otiose
771 3495 834 3544 certe
853 3503 877 3543 et
896 3508 1044 3560 superruens
1061 3494 1169 3561 repetitio

157 3573 199 3621 ³7.
218 3571 271 3619 Nisi
283 3571 358 3634 fietus
374 3578 396 3617 et
416 3569 520 3632 ittam]
540 3568 622 3617 Falsus
670 3571 715 3618 τοῦ
725 3570 771 3617 telo
780 3567 853 3634 possit
863 3567 947 3618 videri.
960 3568 1046 3635 scripti
1060 3567 1168 3617 nonnulli

124 3644 229 3709 plurime
240 3644 382 3693 membrosus
393 3659 447 3692 curn
461 3641 544 3708 priscis
553 3642 622 3692 editi·
670 3644 735 3691 tello.
746 3643 805 3691 lello
815 3643 889 3692 codex
903 3643 1110 3692 Fruuciscenorurn
1120 3641 1168 3691 Ps-

124 3715 217 3766 onibus.
237 3715 301 3764 ratu
314 3726 356 3765 snt
371 3718 422 3764 ludi
435 3714 619 3766 Didieebnntur
667 3715 772 3766 levinus.
809 3716 880 3766 Unde
900 3716 1009 3781 legebam
1029 3718 1184 3778 nimiumque·

125 3789 256 3856 dperjuris.
265 3790 343 3856 Epist.
355 3806 397 3839 xx.
667 3791 840 3858 moisacense
847 3793 909 3840 letti.
918 3792 990 3841 Nunc
999 3789 1167 3840 rerorecorde·

156 3865 258 3924 Iurabis,
268 3867 310 3915 solt
321 3865 434 3932 tesollere
442 3881 503 3928 posse
514 3864 581 3913 Deos.
669 3873 707 3916 tus
715 3866 839 3933 Tdsocere
846 3881 901 3915 curu
912 3864 981 3914 tertio
989 3879 1046 3913 cusu
1057 3862 1167 3926 frequen-

125 3941 214 3990 Fustor.
225 3959 251 3990 v.
260 3942 318 3990 68⁵.
668 3948 705 3990 ter
715 3940 745 3990 ab
761 3937 848 3991 ovidio
860 3936 937 4004 jungi,
947 3937 982 3986 nil
996 3943 1070 3984 muto.
1083 3934 1168 3984 Facere

157 4013 208 4063 Slus
219 4015 294 4064 Deuns
305 4016 405 4077 prudeus
416 4015 489 4062 ultum
503 4014 621 4075 diuumque
669 4015 743 4064 alieni
751 4013 881 4080 prosocero
890 4013 921 4059 od
935 4012 1043 4074 olipseos.
1055 4008 1120 4058 Μ.
1131 4007 1166 4059 iu.

124 4085 219 4151 fefellit.
670 4089 728 4136 807.
1177 4111 1179 4115 ·

124 4159 160 4209 iii.
168 4159 251 4209 Amor.
260 4157 294 4208 xi.
304 4158 345 4208 46.
686 4154 1017 4223 lpoeloeusecnrsootifseit.
1030 4154 1167 4222 Urlisortgo

159 4230 540 4297 Quidentsslleudosretitisaeps,
552 4231 620 4282 Deos.
684 4229 1166 4300 Veneaumertsmguttststsetuu.

10 4516 281 4680 m*
