2896 4980
207 321 274 387 Μ
502 324 541 390 Ρ.
565 322 728 390 ovum
751 323 965 391 NASONIS

210 493 383 570 Fertilior
399 521 510 595 seges
526 510 587 573 est
603 497 735 573 alienis
752 521 902 595 semper
919 498 958 570 in
975 499 1091 596 agris:

130 626 152 657 ν
258 609 513 712 Vicinumque
528 637 646 712 pecus
663 613 841 710 grandius
858 614 954 687 uber
968 615 1096 689 habet.
1183 619 1259 687 350

211 725 290 801 Sed
307 727 411 825 prius
429 724 604 803 ancillam
620 731 818 827 captandoe
835 754 947 804 nosse
965 731 1102 830 puellae

261 841 364 918 Cura
380 844 447 918 sit:
475 867 652 919 accessus
670 845 813 919 molliat
828 845 895 918 illa
910 856 1008 919 tuos.

212 957 392 1033 Proxima
407 960 573 1034 consiliis
590 961 752 1035 dominoe
770 961 820 1034 sit
836 972 880 1036 ut
895 961 961 1035 illa
975 961 1119 1049 videto;

262 1074 299 1147 N
302 1099 370 1150 eve
387 1100 519 1174 parum
536 1077 662 1151 tacitis
679 1077 832 1151 conscia
846 1077 924 1151 fida
934 1078 1045 1174 jocis.

210 1187 320 1264 Hanc
338 1201 379 1264 tu
397 1192 586 1290 pollicitis,
602 1193 699 1266 hanc
710 1204 960 1291 tucorrumpe
973 1191 1162 1289 rogaud03
1182 1195 1258 1267 355

259 1306 371 1391 Quod
389 1309 500 1406 petis,
519 1333 541 1383 e
558 1309 670 1396 sacili,
688 1310 721 1383 si
738 1309 838 1382 volet
854 1308 929 1393 illa,
948 1307 1058 1382 feres.

209 1419 281 1496 Illa
296 1423 399 1519 legat
410 1433 562 1522 tempus
570 1425 725 1520 (medici
738 1447 891 1521 quoque
905 1434 1076 1522 tempora
1089 1421 1257 1515 serrant)

259 1536 346 1622 Quo
362 1538 482 1613 facilis
499 1539 661 1613 dominae
679 1563 785 1612 mens
802 1539 865 1626 sit,
883 1550 924 1614 et
939 1550 1030 1638 apta
1045 1539 1144 1638 capi.

208 1651 322 1728 Mens
339 1654 411 1728 erit
428 1667 519 1754 apta
534 1656 618 1755 capi
636 1668 739 1743 tunc,
757 1679 845 1729 cum
863 1654 1058 1729 laetissima
1074 1677 1212 1738 rerum,

259 1769 314 1843 Ut
331 1795 442 1868 seges
458 1772 497 1844 in
514 1772 645 1871 pingui
663 1771 867 1845 luxuriabit
882 1772 1010 1844 humo.
1179 1773 1256 1843 360

206 1883 369 1959 Pectora
385 1886 476 1960 dum
494 1887 673 1983 gaudent,
692 1910 762 1960 nec
779 1896 869 1960 sunt
884 1885 1066 1960 adstricta
1081 1885 1224 1970 dolore,

256 1997 347 2099 Ipsa
364 2011 511 2097 patent:
540 2001 777 2075 blanditum
794 1986 898 2074 subit
914 2011 995 2075 arte
1011 2000 1155 2075 Venus.

204 2112 315 2200 Tum,
334 2138 421 2188 cum
438 2116 555 2190 tristis
572 2128 666 2203 erat,
685 2115 841 2190 defensa
857 2127 918 2191 est
935 2115 1025 2189 Ilios
1043 2117 1175 2190 armis:

255 2229 442 2323 Militibus
460 2231 655 2327 gravidum
671 2232 760 2305 laeta
776 2232 921 2330 recepit
937 2255 1091 2328 equum.

204 2344 302 2419 'l'um
312 2369 465 2444 quoque
475 2347 656 2422 tentanda
665 2357 736 2433 est,
747 2369 835 2419 cum
845 2347 981 2446 pellice
991 2348 1081 2421 laesa
1089 2346 1249 2421 dolebit:

253 2460 352 2535 'l'um
369 2462 485 2537 facias
502 2464 633 2562 operi,
652 2487 699 2537 ne
717 2462 768 2537 sit
784 2463 915 2547 inulta,
933 2461 1011 2535 tua.
1176 2468 1250 2537 366

204 2576 314 2652 Hanc
333 2579 536 2652 matutinos
555 2589 711 2677 pectens
729 2578 867 2654 ancilla
883 2579 1039 2677 capillos

253 2690 408 2767 Incitet:
437 2703 476 2768 et
491 2694 574 2769 velo
593 2695 743 2792 remigis
761 2695 878 2769 addat
894 2718 1018 2792 opem.

204 2805 266 2893 Et,
286 2832 415 2882 secum
433 2809 536 2882 tenui
555 2811 747 2907 suspirans
764 2835 966 2897 murmure,
986 2810 1104 2896 dicat;

254 2922 309 2998 Ut
326 2935 430 3022 puto,
450 2949 523 2998 non
542 2927 681 3023 poteris
698 2927 782 3025 ipsa
799 2926 935 3001 referre
952 2927 1085 3000 vicem.
1176 2932 1252 3002 370

201 3191 315 3256 pleniora,
325 3190 361 3239 ita
372 3190 476 3256 puellam
494 3192 605 3257 majorem
616 3195 699 3260 volup·
783 3195 836 3243 Sola
853 3197 900 3241 oiri
917 3193 1000 3241 molles
1016 3192 1096 3241 aditus
1111 3203 1134 3241 et
1152 3204 1250 3256 tomum

200 3273 274 3314 tatem
285 3279 380 3330 sperare
390 3280 420 3314 ex
436 3281 497 3316 novo
513 3276 616 3324 manta,
626 3283 699 3332 qnam
814 3284 891 3316 siens.
1127 3267 1217 3316 Ausa.

200 3354 279 3395 exeo,
291 3338 333 3403 qui
341 3340 392 3403 jam
401 3339 596 3397 diueamcoluit,
607 3351 632 3390 et
645 3342 700 3390 ideo
782 3342 839 3390 ³61.
861 3341 910 3390 Nec
931 3352 986 3390 aaut
1012 3342 1123 3389 dariam
1150 3342 1250 3406 toan]

199 3413 270 3462 facilc
281 3412 312 3461 ad
323 3413 452 3462 amandum
463 3414 560 3463 deduci.
594 3417 684 3464 Βυιι.
750 3415 850 3465 Mallem
861 3431 916 3464 cum
927 3415 1022 3471 Moreti,
1034 3417 1083 3476 ipso
1098 3425 1175 3477 putet:
1191 3417 1249 3466 dnm

232 3489 290 3538 349.
302 3487 412 3536 Fertilior
427 3504 487 3553 aegeo
502 3498 535 3536 ert
551 3489 632 3538 olienis
641 3507 697 3539 ren·
750 3488 806 3538 leta
813 3499 892 3538 mente
900 3489 952 3545 erit,
960 3489 1013 3554 ipsa
1021 3486 1065 3538 tibi
1071 3490 1163 3554 patebit
1170 3491 1250 3542 facile.

197 3577 240 3625 per
255 3565 280 3610 in
295 3562 359 3626 agris
380 3559 528 3625 Vicinumque
541 3578 609 3623 μου
623 3581 698 3628 grun-
750 3563 841 3613 Boane.

199 3637 318 3685 ἀὶωιιὸη
327 3633 417 3696 iubet]
449 3634 652 3685 Adbuneloeum
661 3652 698 3685 re·
781 3639 837 3686 ³70.
852 3637 1250 3703 Uipsaomonporerisipsarqfem

199 3707 611 3778 spexitluvenalisSatyr.xiv.148.
627 3709 697 3759 Cror.
750 3712 841 3775 ciem]
877 3712 930 3759 Hoc
957 3719 1001 3767 est,
1027 3726 1180 3778 compensare
1210 3710 1247 3769 id,

231 3786 290 3834 852.
311 3785 418 3832 Ascensus
437 3784 525 3830 molliat
552 3784 596 3831 ista
623 3785 696 3848 tuan]
748 3784 1247 3850 quodconjuxiatepeecavitteulcisci:

197 3858 281 3908 Faciat
301 3867 328 3907 ut
347 3856 392 3907 tibi
416 3857 447 3906 ad
474 3857 593 3906 domiuum
619 3859 698 3909 aditm
748 3874 804 3915 non,
822 3858 908 3906 reterre
925 3857 1035 3923 gratim
1052 3865 1080 3905 ut
1097 3858 1193 3906 Mende
1208 3857 1248 3906 hie

195 3939 277 3997 pateat
296 3930 396 3981 facilior.
424 3931 553 3995 Eleganter
570 3931 696 3981 admodum
746 3932 851 3998 exponit.
883 3932 915 3980 Et
931 3931 996 3996 quod
1012 3928 1248 3995 misequitur&

197 4007 294 4062 mollire,
305 4021 334 4054 eo
348 4021 433 4054 semu:
452 4004 487 4054 sic
504 4003 570 4053 Dido
587 4004 617 4053 ad
633 4021 697 4054 soro-
744 4022 849 4069 propera,
871 4022 900 4053 ne
919 4007 970 4053 octo
988 4007 1082 4054 mdont.
1115 4004 1155 4052 De
1173 4019 1244 4054 eoca-

195 4093 254 4136 νοω,
272 4081 331 4128 AEn.
347 4078 381 4127 ir.
396 4080 455 4128 423.
472 4079 503 4128 de
521 4079 607 4134 AEnea,
625 4095 696 4144 quern
746 4079 825 4145 panda
835 4079 917 4145 puella
928 4078 1109 4144 intelligendum
1124 4085 1169 4135 eet,
1179 4077 1248 4144 cajus

195 4160 272 4202 tentat
282 4151 441 4218 nequicquam
452 4153 572 4203 detinere:
746 4153 838 4204 animus
848 4161 919 4202 autea
936 4151 1114 4207 devinciendos,
1124 4165 1196 4216 quam
1212 4151 1248 4200 ira
