2896 4980
467 298 726 369 HEROIDES.
750 300 821 365 ΕΡ.
838 300 960 367 XVII.
1169 301 1235 369 227

196 474 305 562 Quod
323 499 455 574 genus,
473 482 513 551 et
529 498 699 573 proavos,
719 485 757 548 et
774 475 877 571 regia
894 475 1047 551 nomino
1056 477 1201 572 jactas:

244 592 359 669 Clara
376 593 467 667 satis
484 592 617 667 domus
636 593 716 667 haec
735 591 928 666 nobilitate
946 592 1015 665 sut
1031 605 1102 666 est.

194 707 343 810 Jupiter
359 720 403 783 ut
418 710 537 784 soceri
555 733 714 808 proavus
733 717 912 793 taceatur,
932 718 971 783 et
987 732 1098 782 omne

208 858 212 871 ¹
244 825 452 902 Tantalidae
470 826 623 925 Pelopis
639 824 904 922 Tyndareique
920 824 1058 912 decus;

197 941 274 1018 Dat
290 943 382 1019 mihi
401 942 505 1018 Leda
521 943 666 1030 lovem,
686 966 806 1040 cycno
823 942 996 1039 decepto,
1015 952 1208 1039 parentem
1223 969 1232 1030 ;

246 1058 342 1145 Quae
360 1060 491 1135 falsam
510 1061 651 1157 gremio
669 1060 822 1134 credula
839 1059 929 1133 fovit
945 1083 1063 1133 avem.
1187 1063 1235 1133 56

198 1174 216 1249 1
234 1199 347 1263 nunc,
366 1186 406 1251 et
422 1176 599 1274 Phrygiae
617 1178 692 1250 late
709 1177 911 1275 primordia
927 1176 1060 1272 gentis,

248 1291 425 1391 Cumque
442 1316 510 1366 suo
528 1290 720 1365 Priamum
739 1292 992 1366 Laomedonte
1009 1290 1116 1366 refer.

199 1407 392 1507 Quosego
410 1410 596 1507 suspici03
617 1411 697 1495 sed,
713 1410 778 1506 qui
796 1410 863 1483 tibi
882 1410 999 1506 gloria
1014 1432 1152 1505 magna
1163 1418 1222 1483 est

248 1524 426 1613 QuintuS,
446 1527 477 1599 is
495 1551 519 1600 a
536 1537 662 1600 nostro
680 1527 985 1624 nomine'primus
1004 1525 1085 1599 erit.
1188 1528 1239 1599 60

201 1641 361 1743 Sceptra
377 1653 452 1716 tuae
470 1645 641 1741 quamvis
658 1668 740 1718 rear
758 1668 842 1718 esse
858 1643 1027 1743 potentia
1043 1641 1177 1739 Trojae,

249 1759 337 1835 Non
355 1771 481 1835 tamen
499 1761 579 1835 haec
597 1762 669 1835 illis
686 1786 770 1835 esse
787 1761 930 1834 minora
944 1769 1050 1859 puto.

202 1874 244 1951 Si
255 1877 337 1974 jam
354 1876 492 1950 divitiis
509 1877 614 1950 locus
632 1877 693 1950 hic
711 1900 941 1973 numeroque
957 1875 1120 1950 virorum

249 1990 443 2068 Vincitur:
471 2003 511 2067 at
527 2005 629 2069 certe
646 1995 805 2069 barbara
821 2007 921 2069 terro
935 2005 1002 2067 tua
1017 2002 1088 2066 est.

203 2107 363 2184 Munera
378 2118 485 2184 tanto
501 2111 654 2208 quidem
671 2111 855 2210 promittit
871 2111 1030 2209 epistola
1046 2110 1171 2197 dives3
1191 2112 1239 2183 65

251 2224 306 2299 Ut
322 2226 469 2324 possint
486 2227 586 2325 ipsas
604 2227 667 2301 illo
683 2251 831 2301 movere
851 2226 965 2300 Deos.

203 2438 305 2498 lamen,
316 2456 398 2505 mergo
407 2440 502 2507 Micylli
516 2451 540 2489 et
551 2441 660 2492 Colinrei.
672 2453 699 2492 ut
748 2459 833 2507 genere
853 2442 966 2491 nobiliore
984 2456 1021 2488 me
1039 2439 1120 2488 efferre
1138 2454 1242 2504 poenum.

203 2510 347 2564 Ellelum.
365 2517 422 2564 281.
456 2515 591 2580 clademque
607 2528 699 2566 emtore
748 2517 817 2567 multi
838 2517 909 2564 etium
930 2513 1010 2580 scripti
1027 2515 1158 2576 precordia,
1176 2511 1243 2569 sorte,

204 2590 286 2639 lenm.
296 2598 321 2639 et
331 2589 367 2638 iii.
378 2591 436 2639 ³³8.
471 2589 606 2653 Poenumque
617 2593 700 2640 levavit
748 2608 791 2657 pro
802 2590 929 2639 Preconio.
947 2590 1036 2637 Burin.

204 2663 297 2713 laum
313 2662 359 2713 nini
370 2662 429 2713 torte
439 2668 550 2726 rependit.
568 2664 699 2717 Humerus.
781 2665 822 2714 60.
840 2666 945 2712 Anoetro
954 2663 1065 2726 sunguine
1079 2662 1166 2721 primur
1176 2659 1243 2723 erit]

204 2736 410 2803 Fgonilrilmuto.
444 2737 562 2789 Redime
577 2739 641 2788 enirn
650 2739 700 2790 ele·
752 2741 848 2788 Nomine
858 2739 992 2788 Puteeneus
1001 2744 1026 2784 et
1036 2733 1103 2782 multi
1113 2733 1164 2782 elii.
1181 2732 1245 2798 quod

203 2820 285 2877 genter
302 2812 359 2877 poni
379 2827 422 2877 pm
439 2827 546 2877 penum,
563 2814 700 2878 rependere.
751 2831 831 2865 verum
842 2822 885 2862 est.
901 2829 980 2861 nomen
990 2826 1032 2877 pro
1042 2807 1170 2874 genunio
1181 2807 1246 2874 apud

203 2884 284 2937 docuit
292 2885 405 2936 Schottue
418 2885 463 2935 lib.
473 2903 496 2936 v.
507 2889 609 2937 Observ.
625 2904 649 2937 c.
661 2891 701 2939 ³5.
751 2889 878 2953 Virgilium
887 2886 931 2936 lib.
942 2885 977 2934 iii.
990 2885 1078 2948 Georg.
1089 2885 1131 2933 ³⁵.

204 2958 291 3011 Bou.
782 2988 879 3001 -—
892 2962 1036 3023 omneque
1044 2961 1073 3007 ob
1082 2958 1138 3007 Jooe
1145 2960 1222 3023 gentis

234 3036 276 3087 w.
292 3033 360 3083 Faus
375 3037 401 3083 in
417 3035 488 3098 culpo
503 3052 546 3099 quo
563 3034 619 3084 Joue
636 3038 702 3085 dicor
785 3037 892 3093 Nomine,
916 3035 1013 3098 Trosque
1028 3048 1111 3096 putent
1130 3041 1153 3080 et
1176 3031 1247 3095 ltnje

203 3108 271 3175 egat]
299 3107 425 3158 Sententu
444 3117 494 3157 eet:
518 3109 599 3158 Mater
618 3108 702 3159 vitium
818 3111 1029 3174 Cynthioeooetor.

203 3197 396 3233 mexeume
412 3191 490 3247 potest
505 3198 592 3246 magno
608 3183 702 3232 nomine
752 3183 791 3234 Sic
806 3184 981 3233 Constantinum
997 3198 1076 3231 nomen
1092 3195 1136 3246 pro
1150 3179 1248 3238 lemilie,

203 3254 282 3307 Jorie:
299 3271 344 3320 ego
353 3271 417 3313 vero,
428 3255 448 3305 ri
459 3272 565 3322 peccem,
579 3272 650 3321 quem
660 3257 702 3306 Ιο-
751 3259 832 3307 Anum.
840 3254 1158 3320 Marcellinueinitiooperie.
1169 3254 1249 3304 Heru-

203 3336 261 3381 vem'
274 3330 385 3387 habeam,
402 3346 473 3396 quem
490 3329 636 3395 protendere
649 3346 702 3395 pos-
752 3350 815 3383 orue.
849 3334 962 3381 Ammo
978 3328 1126 3386 nonum,hic
1145 3329 1250 3395 explica·

202 3404 334 3472 dneupe
351 3408 428 3454 merel
444 3422 473 3455 ec
488 3404 590 3462 sidicat,
601 3404 702 3454 nullum.
751 3422 802 3455 rem
817 3409 942 3469 ameipeo,
957 3421 1012 3454 nom
1028 3404 1048 3453 ri
1065 3411 1091 3452 tu
1105 3402 1250 3452 numerando

204 3478 302 3530 Felicem
319 3482 345 3528 in
361 3482 431 3543 eulpa
449 3490 520 3537 toret,
537 3496 590 3544 que
608 3479 703 3545 culpam
753 3481 862 3546 quintum
881 3483 967 3531 Jovem
985 3478 1100 3535 inveniet,
1117 3495 1162 3542 ego
1180 3494 1194 3527 e
1212 3493 1251 3527 me

203 3568 271 3607 m
290 3552 420 3603 defendere
446 3554 528 3620 possit.
561 3555 703 3603 Mrcrncue.
753 3555 854 3619 primum
865 3556 951 3604 habeo.
968 3554 1002 3603 eie
1013 3554 1059 3619 Ep.
1071 3553 1097 3602 ii.
1110 3555 1166 3600 112.
1200 3552 1249 3600 No·

204 3627 315 3695 laselir
324 3631 351 3677 ἐκ
359 3645 461 3677 numero.
480 3627 556 3693 Epist,
569 3628 601 3676 vi.
614 3629 672 3697 121.x
753 3632 812 3678 mine
815 3631 917 3695 femineo
926 3647 971 3677 non
980 3631 1034 3677 satir
1041 3636 1096 3689 opto
1103 3629 1163 3691 regi.
1181 3625 1204 3673 id
1215 3633 1252 3674 est

235 3704 278 3755 67.
287 3701 500 3764 Lateprirnordim]
512 3701 598 3758 Aldus,
606 3700 702 3756 Veneti,
753 3703 873 3769 ofemim.
884 3703 917 3752 nic
924 3704 939 3753 J
942 3702 1040 3758 ustinus,
1048 3703 1140 3750 nomine
1149 3700 1251 3761 Philippi

204 3775 327 3844 Hieyllus¹
338 3784 364 3826 et
380 3775 508 3831 Coimus,
524 3777 593 3824 clarc
607 3777 704 3839 primor-
754 3787 776 3825 et
787 3778 921 3832 Alexandri,
930 3793 972 3841 pro
982 3775 1093 3839 Philippo
1109 3779 1134 3821 et
1146 3772 1252 3820 Alexan·

204 3852 334 3919 &gentle
350 3850 424 3899 tortu
754 3850 796 3899 dro
806 3851 883 3916 posuit
892 3869 898 3909 ;
915 3851 948 3898 sic
959 3865 1038 3896 nomeu
1054 3848 1126 3911 agelli
1135 3861 1177 3910 pro
1187 3860 1251 3907 egro,

238 3922 356 3975 inuncet
364 3924 496 3990 Phrygioue
504 3926 572 3972 olore
579 3925 705 3986 primordio
755 3931 780 3971 et
795 3932 892 3972 centum
903 3923 959 3971 ulie.
978 3920 1027 3968 vid.
1047 3918 1078 3966 ad
1088 3919 1183 3966 Petron.
1198 3918 1253 3967 12³.

259 4001 352 4066 gule.
361 3998 410 4047 &e-
461 4034 466 4043 .
755 4007 780 4046 et
797 3997 887 4063 Vellej.
904 3998 922 4043 i.
937 3998 974 4043 12.
1010 3994 1102 4040 Primos
1115 4001 1165 4039 erat
1180 3991 1253 4041 etiam

572 4073 642 4138 effer.
756 4071 841 4120 Donza
851 4071 955 4133 legebat.
975 4069 1148 4116 Buuruuuue.
1181 4065 1252 4114 Conl.

206 4146 277 4197 hen
286 4155 311 4196 te
321 4146 457 4211 Phrygibus
468 4147 522 4204 tuie,
534 4162 581 4195 nou
591 4145 658 4202 mihi,
666 4143 709 4208 qui
756 4142 833 4192 llruc.
844 4143 870 4192 b.
881 4161 905 4191 v.
917 4159 939 4190 c.
952 4142 992 4189 20.

804 4223 853 4278 Qn
