2896 4980
483 310 754 443 Ennomus
767 312 838 379 ΕΡ.
862 313 966 381 xvi.
1178 317 1244 389 ml

205 482 259 561 'l'e
274 494 385 585 peto;
414 508 529 584 quam
546 488 645 564 lecto
661 487 807 588 pepigit
823 487 953 563 Venus
972 514 1085 566 aurea
1100 505 1240 571 nostro.

251 600 307 678 Te
324 603 427 703 prius
443 603 582 702 optavi,
601 628 716 702 quam
733 604 824 679 mihi
842 604 1058 682 notatores.
1193 615 1243 686 36

203 716 302 794 Ante
319 729 404 793 tuos
422 721 546 794 animo
563 721 651 807 vidi,
671 747 786 820 quarn
804 722 956 810 lumine,
974 724 1099 798 vultus
1114 750 1124 800 ε

252 834 381 909 Prima
396 834 467 910 fuit
482 837 606 910 vultus
624 837 755 912 nuntia
771 838 872 913 sarna
887 838 954 912 tui.

204 948 286 1027 Noc
303 961 431 1026 tamen
449 962 508 1027 est
524 953 671 1040 mirum,
691 955 736 1041 si,
755 954 855 1028 sicut
870 966 1053 1053 oporteat,
1072 982 1161 1032 arcu

251 1065 463 1142 Missilibus
480 1069 566 1144 telis
584 1069 729 1144 eminus
748 1070 858 1158 ictus,
878 1095 975 1146 amo.
1192 1081 1244 1150 40

204 1181 267 1259 Sic
284 1184 429 1283 placuit
445 1184 552 1260 fatis:
582 1210 668 1283 quae
686 1210 733 1260 ne
751 1186 959 1262 convellere
976 1198 1114 1276 tentes,
1200 1212 1203 1219 ·

250 1297 396 1400 Accipe
413 1325 500 1376 cum
516 1301 605 1375 veri
621 1302 724 1376 dicta
740 1303 858 1376 relata
873 1301 960 1377 fide.

203 1412 337 1491 Matris
355 1418 479 1493 adhuc
496 1429 616 1506 utero,
633 1429 743 1518 partu
761 1430 981 1505 remorante,
999 1421 1178 1497 tenebar:

249 1530 274 1605 J
276 1557 336 1607 am
355 1535 530 1631 gravidus
543 1536 647 1633 justo
665 1535 831 1634 pondere
848 1545 977 1609 venter
993 1546 1085 1610 erat.

203 1645 273 1723 llla
289 1649 363 1723 sibi
380 1651 571 1748 ingentem
588 1652 668 1725 visa
685 1664 744 1726 est
759 1653 830 1726 sub
848 1652 1010 1748 imagine
1028 1653 1149 1727 somni
1190 1658 1241 1731 45

250 1764 527 1841 Flammiferam
544 1768 656 1867 pleno
674 1768 831 1842 reddere
847 1779 977 1843 ventre
993 1768 1127 1844 facem.

201 1987 254 2041 ride
272 1990 381 2042 &mom
400 1992 432 2041 ud
452 1991 540 2059 virgil.
560 1991 579 2042 i.
600 1991 698 2043 AEneid.
747 1991 866 2043 nonnullis
875 1990 946 2043 unice
960 1991 1101 2059 respondere
1111 1993 1244 2046 rideantur.

202 2064 259 2114 884.
275 2065 335 2115 sorte
346 2066 476 2133 scripserit:
747 2066 859 2116 Lsuunr.

214 2133 397 2197 'Nscosniaut
407 2141 579 2204 antwerpiae
588 2151 698 2204 spectator
779 2142 805 2190 Si
819 2144 879 2190 sicut
894 2141 1018 2205 sponsat]
1045 2141 1071 2192 Si
1088 2142 1195 2208 perinde,
1213 2159 1243 2194 sc

262 2216 379 2264 ederus.
575 2216 665 2265 Burrus.
747 2230 844 2265 necesso
860 2214 892 2263 sit
909 2215 943 2264 ite
959 2214 1020 2264 fieri.
1053 2215 1124 2273 Quod
1139 2216 1159 2265 si
1177 2215 1243 2281 legas

232 2286 275 2339 ὓ.
293 2288 344 2339 Nec
355 2297 431 2337 tom
444 2298 477 2338 est
491 2291 585 2346 sairam,
597 2292 626 2345 si,
639 2292 699 2339 sieut
749 2289 954 2351 (immittemus
963 2287 1019 2337 erit:
1036 2288 1243 2347 Quemadmodum

200 2362 379 2427 madro]
397 2362 486 2412 Iocum
502 2362 566 2412 vsuie
577 2371 698 2414 tentarunt
747 2379 843 2413 necesse
861 2363 906 2413 fuit
921 2363 987 2425 fieri;
1003 2371 1097 2429 propter
1113 2363 1163 2413 ists
1178 2364 1242 2413 scili-

201 2435 244 2487 visi
257 2436 332 2487 docti.
367 2436 462 2503 Micylli
478 2439 622 2505 conjectura,
639 2443 698 2488 sicut
747 2447 804 2487 cet:
820 2438 953 2504 dequibus
967 2437 1075 2503 sequenti
1092 2453 1170 2487 versu.
1190 2439 1243 2488 Mr-

201 2513 306 2573 sportsit,
319 2510 537 2578 quumvislenitste
545 2528 698 2563 suasecom·
746 2527 850 2561 cusum.
883 2511 943 2559 llsc
952 2519 1142 2560 nonsuntssna.
1168 2512 1241 2570 Puto,

200 2584 323 2642 mndsus,
343 2583 399 2634 ideo
417 2586 512 2651 probari
538 2602 586 2635 non
612 2596 698 2652 potest,
746 2585 920 2648 &momnis
929 2596 1016 2634 mrum.
1033 2593 1060 2633 ut
1074 2584 1113 2649 sgi
1129 2585 1242 2651 oportuit.

200 2656 299 2725 quissic
309 2658 375 2708 idem
384 2656 422 2708 bis
432 2658 519 2709 dixisse
533 2658 697 2725 deprehende.
746 2658 863 2725 Apuleius
872 2660 936 2708 Met.
947 2675 971 2707 v.
996 2658 1022 2706 Si
1030 2659 1242 2720 protoparentum,

200 2738 238 2783 tu
252 2731 365 2784 Ovidius.
398 2733 510 2798 Sequitur
519 2732 693 2798 enimaicpta-
745 2743 774 2781 ut
787 2743 882 2795 oportet,
894 2734 1064 2796 pulchritudini
1078 2736 1243 2796 responderint,

198 2807 329 2875 ΝΜ·
364 2805 489 2873 Ingeniose
507 2809 592 2858 Douza
610 2824 696 2860 nomen
747 2806 835 2870 Cupido
843 2816 961 2856 mour.
974 2806 1058 2855 Posses
1067 2810 1242 2872 etsieuropor.
1320 2842 1324 2849 .

198 2880 238 2932 hle
251 2880 326 2933 ittera
344 2883 445 2948 putabet
459 2884 570 2932 motoris
586 2883 695 2941 submou,
746 2883 882 2938 insiticiam,
892 2879 1242 2943 vel,eisicutcportstodsross.

199 2956 419 3023 quiits,utPsris,
431 2973 552 3023 nunquam
562 2957 620 3007 visa
628 2959 697 3024 puel·
745 2953 876 3004 iluusrus.
909 2955 994 3003 Douzs
1009 2953 1144 3019 explicabat
1157 2956 1241 3023 vulgu-

198 3028 318 3083 bum
328 3033 459 3097 flagrasset.
485 3031 599 3082 Heinsius
608 3032 695 3099 triplici
745 3035 804 3086 taur,
814 3027 911 3077 sicutin
921 3026 976 3077 istis
985 3026 1091 3076 furiosed
1101 3028 1180 3079 locum
1190 3046 1242 3080 005.

198 3105 288 3157 tedune
302 3105 463 3156 emendabat:
485 3109 504 3155 si
521 3109 582 3155 uest
596 3111 697 3169 opmtuir
745 3111 840 3169 ruptum
853 3102 963 3169 putabet,
973 3109 997 3150 et
1013 3100 1140 3150 desidmsri
1155 3118 1242 3155 nomeu

197 3188 289 3242 esum
305 3180 355 3238 sel,
365 3183 424 3229 sicut
436 3183 535 3243 oportuit
544 3183 631 3240 ictum5
649 3182 696 3241 vet,
745 3174 855 3225 umswris
867 3173 977 3232 fabulosi,
992 3173 1034 3240 qui
1049 3189 1079 3223 eo
1093 3175 1145 3242 ipso
1159 3177 1240 3237 modo,

197 3256 257 3305 sose
274 3264 362 3319 operm
387 3256 416 3301 ot
436 3271 504 3304 ooo.
548 3255 695 3305 Postremum
745 3265 793 3314 quo
816 3249 893 3306 Poris,
916 3264 1037 3314 uunquam
1058 3248 1114 3299 viss
1137 3250 1242 3316 tignus

197 3329 300 3379 usius
320 3326 420 3378 arridet.
452 3328 537 3378 Posses
557 3330 629 3378 etism
650 3330 695 3380 hoo
745 3339 824 3373 umore
833 3321 930 3390 puelle.

198 3401 566 3468 flodclegcreecdistinguere:
776 3400 818 3449 ⁴1.
834 3399 872 3449 Sic
880 3400 969 3462 placuit
974 3398 1058 3465 sotir]
1075 3397 1241 3465 Rejicittmo-

259 3477 663 3535 ——Sisicutdmorisoiorea
744 3490 794 3524 rem
809 3489 879 3523 suum
896 3472 921 3520 in
939 3472 1085 3522 voluntatem
1099 3471 1206 3531 deorum,
1217 3483 1242 3523 et

229 3552 356 3604 Missilibus
367 3554 420 3603 elo
429 3555 515 3601 misso
524 3555 592 3610 ictus,
601 3570 660 3602 anso.
744 3549 908 3600 necessitatem
918 3547 977 3597 leti:
987 3563 1034 3612 quo
1044 3547 1156 3596 videlicet
1166 3548 1240 3597 Hele·

198 3624 309 3677 meum
328 3644 390 3676 vers.
411 3627 454 3675 ³9.
474 3634 499 3675 et
515 3642 567 3691 sqq.
584 3627 615 3675 sd
637 3629 692 3676 1⁴³.
743 3640 797 3676 nsm
805 3623 1006 3691 magisimpellet.
1039 3622 1128 3686 Estque
1139 3623 1240 3672 transla-

198 3710 289 3751 veteres
308 3700 372 3751 Edd.
392 3715 440 3748 non
461 3712 601 3764 agnoscunt.
645 3703 692 3751 Sed
742 3700 785 3757 tio,
797 3699 859 3749 color
873 3698 1010 3746 rhetoricus.
1044 3697 1141 3743 Mrcru.

197 3782 369 3841 preterquam
386 3773 451 3840 quod
471 3774 603 3823 Ovidiauus
621 3776 691 3824 iniis
774 3776 816 3823 15.
834 3774 881 3821 llio
896 3775 939 3820 sibi
954 3774 1067 3835 ingentem
1086 3772 1133 3817 uiso
1151 3777 1182 3816 eor
1199 3774 1242 3817 sut

196 3848 258 3899 color
278 3858 324 3905 est,
343 3864 388 3897 nec
411 3847 460 3896 ullo
481 3848 550 3895 ruodo
567 3849 692 3897 verisimile
743 3852 839 3913 imagine
868 3849 947 3901 somni,
974 3843 1144 3906 Flammiferam
1172 3844 1240 3903 pleno

196 3922 296 3981 ridetur,
308 3931 390 3972 uttam
400 3921 489 3970 bellam
497 3921 615 3986 judicium
625 3923 691 3971 Pari·
743 3926 836 3971 reddere
856 3931 933 3970 uentre
946 3915 1048 3982 sorem]
1066 3915 1178 3963 Meminit
1194 3915 1239 3964 hu·

196 3994 391 4048 disdescribendi
401 3995 549 4045 occasionem
557 3996 623 4045 Naso
632 4013 692 4062 prse-
739 3998 780 4062 jus
794 4012 887 4061 quoque
903 3993 935 4042 rei
949 3988 1124 4055 'l'ryphiodorus
1137 3987 1174 4037 his
1184 4007 1235 4040 rer-

196 4070 329 4127 tenniserit,
339 4069 450 4119 saucilis
460 4068 539 4118 insunt
549 4069 575 4118 in
585 4070 693 4134 Epistola
742 4069 792 4119 bis:

196 4142 343 4213 laqueum,
361 4160 416 4209 qua
443 4142 558 4193 dictorum
584 4159 693 4191 rersumn
