2896 4980
195 384 261 450 rot
492 382 530 447 P.
554 378 715 445 ovum
740 378 951 446 NASONIS

204 558 281 632 Sed
300 557 435 631 timeo:
465 557 690 655 quotiesque
709 555 810 629 subit
827 553 1040 627 miserabile
1056 552 1208 634 bellum,-

253 664 361 746 More
379 672 485 757 nivis,
506 672 681 757 lacrimoe,
701 672 779 744 sole
798 668 996 754 madentis,
1016 677 1120 742 eunt.

203 788 300 861 Ilion
318 799 357 862 et
373 787 558 874 Tenedos,
581 788 807 885 Simoisque,
827 798 866 859 et
883 784 1045 869 Xantus,
1064 792 1105 857 et
1122 782 1202 869 Ide,

254 905 418 979 Nomina
435 917 522 979 sunt
539 907 622 1003 ipso
640 928 737 1003 pene
755 903 922 976 timenda
939 924 1044 974 sono.

203 1020 240 1094 N
241 1046 286 1097 ec
304 1046 434 1121 rapere
453 1046 623 1108 ausums,
643 1022 715 1094 nisi
733 1046 774 1093 se
792 1019 994 1093 defendere
1011 1026 1154 1115 posset,
1194 1014 1239 1089 55

253 1137 404 1236 Hospes
423 1150 522 1212 erat:
551 1138 647 1210 vires
666 1148 818 1210 noverat
835 1136 897 1209 ille
915 1158 1016 1208 suas.

201 1252 366 1328 Venerat
383 1258 444 1350 (ut
460 1253 560 1327 fama
577 1254 652 1347 est)
670 1254 788 1326 multo
806 1250 1024 1350 spectabilis
1041 1271 1146 1335 auro,

254 1370 405 1467 Quique
423 1395 492 1443 suo
510 1368 698 1468 Phrygias
716 1393 870 1467 corpore
888 1367 1001 1442 ferret
1017 1390 1124 1464 opes.

203 1486 336 1560 Classe
346 1487 510 1584 virisque
522 1497 670 1586 potens,
679 1510 838 1584 perquae
849 1485 928 1558 fera
937 1483 1038 1558 bella
1047 1489 1239 1579 geruntur:

253 1600 303 1675 Et
320 1604 491 1699 sequitur
507 1602 611 1699 regni
630 1626 716 1702 pars
735 1613 1014 1699 quotaquaeque
1032 1598 1116 1671 suit
1194 1600 1241 1671 60

202 1715 274 1788 His
291 1741 361 1813 ego
379 1729 416 1791 te
433 1719 583 1805 victam,
603 1742 755 1791 consors
775 1717 912 1792 Ledaea
928 1715 1110 1813 gemellis,

254 1832 453 1931 Suspicor:
482 1834 563 1908 haec
583 1835 726 1909 Danais
744 1860 855 1934 posse
873 1857 1008 1907 nocere
1025 1841 1131 1931 puto.

202 1946 368 2022 Hectora
385 1950 511 2023 neseio
529 1976 643 2048 quem
661 1953 788 2025 timeo.
839 1950 946 2023 Paris
966 1947 1134 2023 Hectora
1148 1944 1242 2021 dixit

252 2062 388 2140 Ferrea
405 2069 611 2165 sanguinei
627 2068 727 2143 bella
744 2091 892 2141 movere
910 2089 1036 2139 manu.

201 2177 379 2267 Hectora,
400 2185 572 2280 quisquis
591 2185 622 2257 is
642 2194 712 2270 est,
733 2185 764 2255 si
787 2207 870 2256 sum
893 2181 961 2255 tibi
979 2204 1078 2268 cara,
1097 2188 1236 2254 caveto.

252 2294 449 2392 Signatum
467 2299 624 2371 memori
641 2310 794 2397 pectore
812 2323 947 2372 nomen
966 2299 1076 2372 habe.
1193 2298 1239 2369 66

200 2407 312 2485 Hunc
330 2415 394 2487 ubi
412 2415 551 2501 vitrlriS,
572 2416 663 2488 alios
680 2415 796 2488 vitare
815 2425 1030 2489 memento:

248 2524 300 2602 Et
316 2530 453 2604 multos
471 2531 545 2603 illic
565 2529 750 2606 Hectoras
769 2555 852 2605 esse
871 2540 975 2629 puta.

230 2801 695 2854 Milesubiemaeritusoonestsutisutilis
744 2807 929 2854 holsooioentisl
961 2805 1050 2855 Besa.

294 2879 361 2924 απηίι
567 2892 572 2898 ’
778 2882 818 2928 61.
839 2880 933 2928 Consors
943 2879 1156 2946 mangenellis]
1167 2878 1238 2931 Μ

264 2947 333 2997 Ponit
343 2954 373 2998 ad
383 2955 543 3016 antiquosque
560 2957 616 3002 tulit
630 2972 694 3002 anna
745 2969 830 3002 censeo
841 2953 1017 3019 castigandum.
1028 2963 1056 3003 ut
1066 2965 1090 3004 et
1100 2952 1238 3021 initiosp·

295 3024 361 3071 lares.
588 3028 661 3076 Cror.
745 3029 799 3077 tole
815 3029 915 3077 Paridis.
948 3029 1040 3078 Grecis
1058 3029 1245 3096 enimpstmyz

201 3095 444 3151 Urmodrr,Douzae
457 3109 577 3164 excerpta.
613 3102 695 3150 Redur
744 3101 812 3150 micis
822 3103 929 3167 impense
938 3101 1071 3152 delectatur
1081 3104 1182 3154 Noster.
1201 3100 1238 3153 fi

198 3176 277 3217 autern
288 3170 381 3234 Jupiter
398 3171 484 3219 dicitur
501 3190 543 3237 pro
558 3174 694 3231 reducente,
744 3176 787 3224 lib.
799 3175 816 3223 i.
836 3178 897 3224 Met.
909 3178 967 3225 504.

199 3253 225 3291 ut
234 3245 337 3309 fortuna
356 3248 444 3303 redus·;
463 3263 507 3293 nec
525 3245 576 3295 haec
593 3264 634 3312 per
649 3248 694 3314 hy·
779 3251 885 3314 Nympho
894 3269 974 3314 precor
986 3252 1057 3300 Penei
1067 3270 1141 3303 usas.

198 3316 309 3381 pallagen
327 3317 440 3381 explicari
456 3319 553 3368 debent.
575 3319 610 3369 ita
627 3323 694 3370 Sabi·
745 3326 791 3372 Pro
806 3342 853 3390 quo
866 3327 940 3375 Peneo
949 3326 974 3375 in
985 3327 1088 3391 vulgatis
1098 3326 1165 3378 libris
1177 3328 1238 3395 tq*

198 3406 252 3439 nus.
264 3390 340 3454 Epist.
351 3391 368 3438 i.
380 3393 420 3440 78.
433 3394 479 3440 huc
489 3393 581 3443 alludit.
603 3396 693 3445 Bonis.
744 3400 822 3447 batur.
851 3409 875 3449 et
895 3400 982 3449 similia
1004 3401 1102 3466 paoeim.
1130 3401 1165 3452 its
1183 3402 1238 3453 Sul

230 3465 272 3512 59.
291 3462 339 3511 Per
352 3467 421 3529 qam]
440 3467 527 3514 Malim
541 3485 653 3532 perquer.
668 3482 695 3520 ut
742 3476 831 3534 puella.
859 3476 934 3542 Epist.
956 3476 1023 3524 xviii.
1045 3485 1072 3525 ut
1093 3477 1127 3527 ibt
1153 3478 1237 3529 mlta

198 3539 285 3586 milites
298 3539 469 3603 intelligantur.
487 3542 530 3590 sed
548 3541 602 3592 vide
616 3545 693 3594 Vossii
743 3548 833 3598 Herus.

196 3628 256 3678 opus
283 3611 478 3671 Grammaticum,
496 3615 555 3665 libro
575 3617 606 3666 de
630 3619 693 3669 Cou-
778 3623 892 3687 Consors]
911 3622 939 3671 Id
956 3631 992 3672 est
1005 3624 1081 3681 Soror,
1092 3625 1238 3691 etssrguiss

195 3687 332 3744 structione,
344 3703 397 3753 cap.
408 3689 441 3737 ir.
474 3690 563 3740 Heras.
743 3698 878 3762 conjuncta.
899 3698 1027 3761 Gemellis]
1045 3699 1074 3747 ld
1090 3708 1135 3757 est,
1149 3700 1238 3752 Csstssi

229 3762 269 3810 60.
293 3762 324 3811 Et
341 3767 443 3826 requitur
463 3769 528 3830 regui
552 3783 606 3828 pars
625 3776 693 3831 quoto
743 3779 767 3819 et
784 3771 884 3827 Polluci,
895 3773 935 3837 qui
946 3772 1033 3836 gemini
1044 3773 1237 3832 luemutmh

194 3855 301 3900 quemque
319 3838 379 3901 sui]
407 3840 478 3893 Quom
497 3845 599 3904 sequitur
620 3843 692 3891 etiam
743 3845 855 3894 nstiovo.

195 3910 308 3959 Francius
334 3911 484 3977 conjiciebat.
535 3925 693 3979 motamque
775 3921 814 3968 68.
828 3920 961 3984 Hectoras]
975 3920 1065 3969 Eodem
1075 3920 1238 3973 modocioes

195 3999 251 4033 vero
265 3994 336 4035 recte.
355 3996 379 4035 et
393 3986 518 4051 legendum
539 4005 582 4053 per
595 3989 692 4038 interro·
743 3993 803 4041 dixit
817 3994 971 4058 llaepdidus.
988 3994 1126 4045 Crorsrsos.
1155 3996 1236 4047 Μ

195 4058 322 4121 gatiouem.
331 4062 365 4111 ita
372 4062 490 4120 Quinctil.
499 4062 570 4111 Decl.
578 4078 692 4113 cccxxxv.
744 4068 798 4115 nius
808 4068 897 4117 Cesar.
908 4084 963 4134 cap.
972 4069 991 4119 i.
1004 4069 1177 4121 &sarisam
1185 4068 1237 4121 Ιι·

196 4132 260 4181 Dum
268 4138 567 4203 morasuffiriorst,dum
582 4137 693 4203 inofficio
742 4143 787 4190 rios
796 4144 874 4191 iussas.
1191 4146 1195 4153 '

194 4208 252 4253 sares
271 4218 334 4258 sant.
378 4210 586 4276 Quemquamne
602 4221 690 4274 partem
