2896 4980
405 319 630 385 AMORUM.
666 320 757 385 LIB.
780 320 830 386 11.
851 323 884 387 5.
1098 326 1166 392 not

114 486 276 587 Jamque
293 490 470 589 frequens
489 495 581 569 ierat
598 496 728 568 mensa
745 495 903 570 conviva
920 499 1083 572 remota:

161 605 373 711 compositi
387 611 546 705 juvenes
563 635 662 684 unus
680 623 719 685 et
736 612 831 685 alter
848 623 966 686 erant.
978 618 1033 687 124.
1048 642 1065 690 ε’
1090 612 1131 691 ..ul
1144 676 1162 693 ,.
1177 630 1222 701 ‚rs

115 717 291 818 Improba
306 732 386 796 tum
405 748 493 799 vero
506 726 710 823 jungentes
728 726 859 800 oscula
875 727 963 802 vidi.

161 834 231 910 Illa
246 839 337 911 mihi
356 839 484 936 lingua
503 864 602 915 nexa
619 841 734 914 fuisse
751 841 883 938 liquet.

113 954 245 1041 Qualia
262 979 332 1029 neo
349 955 452 1029 fratri
469 956 596 1030 tulerit
613 979 792 1053 germana
808 981 955 1045 severo;
1110 965 1158 1034 25

160 1069 239 1144 Sed
256 1072 384 1146 tulerit
400 1071 539 1169 cupido
556 1073 679 1145 mollis
698 1072 819 1146 amica
836 1074 932 1146 viro:

111 1183 245 1270 Qualia
262 1189 443 1263 credibile
460 1198 531 1275 est,
551 1213 621 1263 nec
640 1189 828 1262 Phoebum
846 1189 941 1263 ferre
960 1189 1113 1279 Dianae3

159 1302 238 1377 Sed
255 1303 443 1378 Venerem
462 1303 577 1378 Marti
594 1328 696 1403 saepe
713 1304 845 1377 tulisse
862 1329 943 1378 sno.

110 1415 209 1502 Quid
227 1416 333 1503 facis,
346 1420 537 1508 exclam03
567 1443 849 1517 quununomea
862 1420 1157 1516 gaudiadefersl

158 1534 330 1633 lnjiciam
348 1537 520 1610 dominas
537 1537 575 1609 in
593 1560 679 1609 mea
691 1537 778 1632 jura
795 1559 941 1623 manus.
1107 1545 1157 1614 30

110 1647 200 1724 Haec
217 1651 288 1726 tibi
306 1652 382 1726 sint
399 1676 559 1739 mecum,
579 1653 670 1725 mihi
688 1653 763 1726 sint
781 1654 997 1727 communia
1014 1664 1153 1728 tecum.

158 1764 203 1838 ln
220 1768 321 1841 bona
336 1792 404 1841 cur
421 1769 624 1866 quisquam
640 1769 773 1841 tertius
791 1769 865 1842 ista
881 1770 1005 1844 venit?

107 1881 191 1957 Hoc
206 1908 300 1981 eg03
330 1878 494 1983 quaeque
511 1886 618 1959 dolor
634 1885 771 1981 linguae
794 1884 966 1959 dictavit:
996 1895 1034 1960 at
1051 1885 1103 1959 illi

156 1999 323 2076 Conscia
338 2025 549 2099 purpureus
566 2003 668 2076 venit
685 2002 723 2074 in
741 2025 806 2075 ora
819 2002 952 2100 pudor,

106 2113 226 2201 Quale
242 2118 451 2193 coloratum
469 2118 621 2192 Tithoni
639 2120 802 2215 conjuge
820 2119 958 2192 coelum
1105 2122 1154 2193 35

155 2232 362 2320 Subrubet,
381 2246 446 2308 aut
463 2258 603 2332 sponso
620 2235 701 2306 visa
718 2234 842 2332 puella
862 2258 968 2307 novo.

107 2345 226 2432 Quale
243 2373 339 2422 rosae
357 2349 502 2446 fulgent
519 2351 616 2424 inter
634 2375 704 2423 sua
720 2350 798 2425 lilia
815 2352 961 2424 mixtae:

153 2465 233 2540 Aut
249 2466 315 2539 ubi
333 2467 493 2541 cantatis
508 2465 616 2541 Luna
632 2468 777 2541 laborat
795 2468 922 2563 equis:

105 2577 182 2653 Aut
195 2582 315 2678 quod,
336 2606 384 2656 ne
401 2583 521 2679 longis
540 2583 742 2657 flavescere
760 2582 879 2680 possit
897 2581 945 2655 ab
965 2582 1085 2665 annm,

152 2693 315 2768 Maeonis
333 2696 530 2794 Assyrium
548 2696 687 2773 femina
704 2698 815 2772 tinxit
833 2697 937 2770 ebur.
1104 2700 1153 2768 40

105 2808 174 2885 llis
191 2822 285 2898 erat,
305 2823 371 2885 aut
388 2813 498 2886 alicui
516 2815 619 2891 color
636 2815 703 2899 ille,
717 2810 926 2887 simillimus
944 2812 1097 2885 horum:

152 2924 205 3000 Et
221 2951 429 3025 numquam
447 2954 536 3004 casu
555 2930 743 3029 pulchrior
761 2930 826 3003 illa
842 2929 924 3003 fuit.

101 3142 289 3201 tethimenem,
306 3145 473 3197 nutlabellam
489 3147 601 3211 aliquam,
652 3161 766 3203 sermone,
784 3160 856 3210 quarn
877 3144 941 3210 quod
960 3146 1033 3195 verba
1052 3160 1100 3213 pre
1128 3162 1153 3196 se

101 3225 126 3267 et
139 3232 244 3267 amonem
260 3228 365 3276 nonant,
375 3229 400 3269 et
416 3221 460 3269 nub
473 3219 550 3269 alieno
561 3237 602 3269 no-
653 3220 767 3269 serebant.
801 3219 889 3268 Bonna.

101 3289 601 3357 minedeneetnmienpmenteloquun·
684 3294 727 3343 nl.
746 3294 859 3358 Frequens
887 3294 948 3340 ἴέναι
966 3291 1042 3341 md
1061 3297 1155 3342 marton

100 3371 280 3422 mutuorum
288 3365 602 3432 amoresdeprehendantur.
653 3368 755 3430 relicta]
790 3365 880 3423 Scribe,
891 3366 976 3414 remote
991 3381 1045 3415 oum
1063 3375 1154 3431 neptem

99 3438 171 3497 Quod
179 3438 240 3489 tecit
248 3437 328 3495 Parin,
339 3448 367 3488 nt
382 3439 434 3507 ipae
450 3440 514 3506 apud
531 3439 602 3489 Orid·
653 3440 755 3506 seriptis.
765 3440 801 3489 ita
811 3440 874 3489 enim
885 3439 955 3489 moris
965 3448 1056 3495 matut
1066 3455 1154 3490 menso

98 3511 123 3563 in
137 3512 216 3580 npiu.
231 3512 265 3563 nd
281 3512 400 3563 Helenam
416 3521 523 3563 tentetur.
544 3514 603 3563 Mn·
652 3523 705 3580 pout
719 3514 812 3563 finitum
824 3513 958 3564 convivium
969 3523 1154 3565 removerentur.

99 3602 164 3639 nuo.
185 3588 260 3637 latet
275 3586 376 3654 aliquid.
396 3587 529 3636 Humerus.
552 3589 604 3652 Qu
685 3590 727 3639 2³.
745 3588 850 3651 Improba
860 3588 941 3651 tuna]
969 3588 1039 3637 Nunc
1055 3588 1155 3637 Vatica-

98 3662 221 3728 ὤμω
232 3678 281 3711 non
291 3659 449 3727 mpedimem,
459 3670 495 3710 tot
511 3661 604 3727 scriptis
654 3678 699 3712 nun
716 3672 741 3712 et
757 3661 875 3712 Seriverii.
895 3661 944 3710 vid.
965 3661 995 3711 ad
1015 3661 1090 3729 Epist.
1109 3663 1152 3710 xii.

96 3735 219 3786 ondieibnn
229 3735 354 3784 firmntnm.
365 3735 452 3800 agnovi
462 3751 603 3791 sermonem,
653 3738 695 3787 53.
706 3747 822 3803 preterea
832 3735 939 3784 Franmf.
950 3744 974 3783 et
984 3734 1071 3782 llloreti
1085 3751 1154 3793 unua,

97 3819 207 3874 agentern
217 3809 294 3866 eliud,
305 3824 377 3876 quarn
388 3808 512 3857 ridebatur
521 3824 568 3874 pre
577 3825 602 3858 se
653 3829 712 3869 uere,
722 3813 747 3862 id
764 3822 809 3869 eet,
826 3825 880 3859 vere
897 3809 1012 3874 improba,
1027 3811 1084 3856 bonu
1093 3810 1153 3873 fide,

96 3882 168 3935 hm:
186 3884 265 3933 verbe
280 3883 345 3933 enim
362 3883 437 3933 <lubia
454 3893 478 3932 et
492 3882 604 3948 ambigua
654 3895 680 3934 ut
690 3888 815 3937 Petronius
825 3901 880 3949 cap.
892 3882 925 3932 xi.
942 3892 1022 3931 etex.
1040 3881 1152 3946 loquitur.

96 3972 133 4009 n
148 3974 199 4009 non
216 3956 342 4008 fallebant.
360 3974 405 4008 nee
420 3957 506 4008 morari
522 3958 602 4014 (lebet,
653 3959 743 4009 Banu.

95 4030 334 4097 marmonio·
345 4031 527 4096 nunnunquam
537 4031 602 4081 vide·
685 4035 725 4083 40.
744 4031 859 4093 Munna]
895 4029 952 4078 Vid.
972 4029 1002 4077 ad
1024 4028 1112 4078 Claud.
1133 4029 1151 4076 i.

96 4116 141 4166 w,
151 4122 213 4159 m
222 4108 285 4171 qiud
293 4122 339 4155 non
355 4107 461 4155 uidentur
477 4106 602 4171 significet,
654 4107 728 4173 Rapt.
740 4107 805 4154 Pros.
814 4104 871 4152 27⁴.

856 4241 928 4288 naa

96 4182 157 4246 qud
177 4186 229 4233 nnn
248 4189 390 4247 apparerem
405 4180 471 4230 aliud
489 4181 603 4243 agebatur

108 4494 185 4535 ,Γ
