<?xml version="1.0" encoding="UTF-8"?>
<!DOCTYPE html PUBLIC "-//W3C//DTD XHTML 1.0 Transitional//EN"
    "http://www.w3.org/TR/xhtml1/DTD/xhtml1-transitional.dtd">
<html xmlns="http://www.w3.org/1999/xhtml" xml:lang="en" lang="en">
 <head>
  <title>
</title>
<meta http-equiv="Content-Type" content="text/html;charset=utf-8" />
  <meta name='ocr-system' content='tesseract 3.04.00' />
  <meta name='ocr-capabilities' content='ocr_page ocr_carea ocr_par ocr_line ocrx_word'/>
</head>
<body>
  <div class='ocr_page' id='page_1' title='image "./povidiinasoniso01burmgoog_0380.png"; bbox 0 0 2896 4980; ppageno 0'>
   <div class='ocr_carea' id='block_1_1' title="bbox 194 311 952 383">
    <p class='ocr_par' dir='ltr' id='par_1_1' title="bbox 194 311 952 383">
     <span class='ocr_line' id='line_1_1' title="bbox 194 311 952 383; baseline -0.004 0"><span class='ocrx_word' id='word_1_1' title='bbox 194 317 262 383; x_wconf 57' lang='lat' dir='ltr'>Ui</span> <span class='ocrx_word' id='word_1_2' title='bbox 486 313 527 379; x_wconf 86' lang='grc' dir='ltr'>Ρ.</span> <span class='ocrx_word' id='word_1_3' title='bbox 548 311 714 379; x_wconf 84' lang='lat' dir='ltr'>ovlnu</span> <span class='ocrx_word' id='word_1_4' title='bbox 737 312 952 380; x_wconf 76' lang='lat' dir='ltr'>NASONIS</span> 
     </span>
    </p>
   </div>
   <div class='ocr_carea' id='block_1_2' title="bbox 199 486 1242 2779">
    <p class='ocr_par' dir='ltr' id='par_1_2' title="bbox 199 486 1161 700">
     <span class='ocr_line' id='line_1_2' title="bbox 199 486 1161 586; baseline 0.001 -25"><span class='ocrx_word' id='word_1_5' title='bbox 199 489 302 575; x_wconf 88' lang='lat' dir='ltr'>Quid</span> <span class='ocrx_word' id='word_1_6' title='bbox 316 488 467 586; x_wconf 83' lang='lat' dir='ltr'><strong>plenam</strong></span> <span class='ocrx_word' id='word_1_7' title='bbox 484 486 634 562; x_wconf 77' lang='lat' dir='ltr'>fraudas</span> <span class='ocrx_word' id='word_1_8' title='bbox 650 489 765 561; x_wconf 86' lang='lat' dir='ltr'>vitem</span> <span class='ocrx_word' id='word_1_9' title='bbox 781 490 1042 562; x_wconf 79' lang='lat' dir='ltr'>crescentibus</span> <span class='ocrx_word' id='word_1_10' title='bbox 1052 490 1161 578; x_wconf 77' lang='lat' dir='ltr'>uvis3</span> 
     </span>
     <span class='ocr_line' id='line_1_3' title="bbox 251 603 1040 700; baseline 0.003 -24"><span class='ocrx_word' id='word_1_11' title='bbox 251 603 448 700; x_wconf 84' lang='lat' dir='ltr'><strong>Pomaque</strong></span> <span class='ocrx_word' id='word_1_12' title='bbox 464 604 607 677; x_wconf 87' lang='lat' dir='ltr'>crudeli</span> <span class='ocrx_word' id='word_1_13' title='bbox 625 605 731 677; x_wconf 87' lang='lat' dir='ltr'>vellis</span> <span class='ocrx_word' id='word_1_14' title='bbox 748 605 888 678; x_wconf 90' lang='lat' dir='ltr'>acerba</span> <span class='ocrx_word' id='word_1_15' title='bbox 902 607 1040 678; x_wconf 72' lang='lat' dir='ltr'>manui</span> 
     </span>
    </p>

    <p class='ocr_par' dir='ltr' id='par_1_3' title="bbox 202 719 1239 932">
     <span class='ocr_line' id='line_1_4' title="bbox 202 719 1239 819; baseline -0.002 -25"><span class='ocrx_word' id='word_1_16' title='bbox 202 720 347 819; x_wconf 86' lang='lat' dir='ltr'>Sponte</span> <span class='ocrx_word' id='word_1_17' title='bbox 364 719 483 792; x_wconf 84' lang='lat' dir='ltr'>fluant</span> <span class='ocrx_word' id='word_1_18' title='bbox 501 731 647 793; x_wconf 85' lang='lat' dir='ltr'>matura</span> <span class='ocrx_word' id='word_1_19' title='bbox 663 721 743 792; x_wconf 71' lang='lat' dir='ltr'>sud.</span> <span class='ocrx_word' id='word_1_20' title='bbox 772 721 853 793; x_wconf 89' lang='lat' dir='ltr'>sine</span> <span class='ocrx_word' id='word_1_21' title='bbox 870 743 1042 794; x_wconf 87' lang='lat' dir='ltr'>crescere</span> <span class='ocrx_word' id='word_1_22' title='bbox 1058 732 1159 793; x_wconf 84' lang='lat' dir='ltr'>nata.</span> <span class='ocrx_word' id='word_1_23' title='bbox 1193 720 1239 792; x_wconf 78' lang='lat'>25</span> 
     </span>
     <span class='ocr_line' id='line_1_5' title="bbox 251 833 1073 932; baseline 0.001 -25"><span class='ocrx_word' id='word_1_24' title='bbox 251 833 322 907; x_wconf 88' lang='lat' dir='ltr'>Est</span> <span class='ocrx_word' id='word_1_25' title='bbox 339 834 500 932; x_wconf 89' lang='lat' dir='ltr'>pretium</span> <span class='ocrx_word' id='word_1_26' title='bbox 519 857 641 931; x_wconf 84' lang='lat' dir='ltr'>parvae</span> <span class='ocrx_word' id='word_1_27' title='bbox 659 858 733 906; x_wconf 89' lang='lat' dir='ltr'>uon</span> <span class='ocrx_word' id='word_1_28' title='bbox 752 834 833 908; x_wconf 84' lang='lat' dir='ltr'>leve</span> <span class='ocrx_word' id='word_1_29' title='bbox 850 836 928 908; x_wconf 75' lang='lat' dir='ltr'>rita</span> <span class='ocrx_word' id='word_1_30' title='bbox 945 860 1073 908; x_wconf 85' lang='lat' dir='ltr'>morae.</span> 
     </span>
    </p>

    <p class='ocr_par' dir='ltr' id='par_1_4' title="bbox 199 949 1112 1141">
     <span class='ocr_line' id='line_1_6' title="bbox 199 949 1112 1047; baseline 0.003 -25"><span class='ocrx_word' id='word_1_31' title='bbox 199 949 337 1024; x_wconf 87' lang='lat' dir='ltr'>Vestra</span> <span class='ocrx_word' id='word_1_32' title='bbox 354 950 446 1047; x_wconf 91' lang='lat' dir='ltr'>quid</span> <span class='ocrx_word' id='word_1_33' title='bbox 464 950 627 1023; x_wconf 85' lang='lat' dir='ltr'>effoditis</span> <span class='ocrx_word' id='word_1_34' title='bbox 644 951 827 1047; x_wconf 90' lang='lat' dir='ltr'>subjectis</span> <span class='ocrx_word' id='word_1_35' title='bbox 843 952 989 1024; x_wconf 85' lang='lat' dir='ltr'>viscera</span> <span class='ocrx_word' id='word_1_36' title='bbox 1004 953 1112 1039; x_wconf 84' lang='lat' dir='ltr'>telis;</span> 
     </span>
     <span class='ocr_line' id='line_1_7' title="bbox 252 1064 998 1141; baseline 0.004 -3"><span class='ocrx_word' id='word_1_37' title='bbox 252 1064 301 1139; x_wconf 86' lang='lat' dir='ltr'>Et</span> <span class='ocrx_word' id='word_1_38' title='bbox 319 1066 485 1138; x_wconf 88' lang='lat' dir='ltr'>nondum</span> <span class='ocrx_word' id='word_1_39' title='bbox 502 1067 599 1139; x_wconf 86' lang='lat' dir='ltr'>natis</span> <span class='ocrx_word' id='word_1_40' title='bbox 617 1066 699 1139; x_wconf 87' lang='lat' dir='ltr'>dira</span> <span class='ocrx_word' id='word_1_41' title='bbox 715 1090 860 1140; x_wconf 87' lang='lat' dir='ltr'>venena</span> <span class='ocrx_word' id='word_1_42' title='bbox 875 1068 998 1141; x_wconf 77' lang='lat' dir='ltr'>datis?</span> 
     </span>
    </p>

    <p class='ocr_par' dir='ltr' id='par_1_5' title="bbox 201 1181 1240 1396">
     <span class='ocr_line' id='line_1_8' title="bbox 201 1181 1211 1280; baseline 0 -27"><span class='ocrx_word' id='word_1_43' title='bbox 201 1181 387 1255; x_wconf 88' lang='lat' dir='ltr'>Colchida</span> <span class='ocrx_word' id='word_1_44' title='bbox 403 1205 613 1278; x_wconf 83' lang='lat' dir='ltr'>respersam</span> <span class='ocrx_word' id='word_1_45' title='bbox 631 1205 830 1277; x_wconf 89' lang='lat' dir='ltr'>puerorum</span> <span class='ocrx_word' id='word_1_46' title='bbox 848 1183 1031 1278; x_wconf 88' lang='lat' dir='ltr'>sanguiue</span> <span class='ocrx_word' id='word_1_47' title='bbox 1047 1181 1211 1280; x_wconf 81' lang='lat' dir='ltr'>culpant,</span> 
     </span>
     <span class='ocr_line' id='line_1_9' title="bbox 251 1295 1240 1396; baseline 0 -28"><span class='ocrx_word' id='word_1_48' title='bbox 251 1295 363 1393; x_wconf 87' lang='lat' dir='ltr'><strong>Aque</strong></span> <span class='ocrx_word' id='word_1_49' title='bbox 380 1296 449 1369; x_wconf 70' lang='lat' dir='ltr'>sud</span> <span class='ocrx_word' id='word_1_50' title='bbox 466 1320 606 1369; x_wconf 80' lang='lat' dir='ltr'>caesum</span> <span class='ocrx_word' id='word_1_51' title='bbox 624 1308 743 1371; x_wconf 87' lang='lat' dir='ltr'>matre</span> <span class='ocrx_word' id='word_1_52' title='bbox 760 1310 968 1394; x_wconf 88' lang='lat' dir='ltr'>queruntur</span> <span class='ocrx_word' id='word_1_53' title='bbox 982 1297 1086 1396; x_wconf 83' lang='lat' dir='ltr'><strong>Ityn.</strong></span> <span class='ocrx_word' id='word_1_54' title='bbox 1196 1300 1240 1369; x_wconf 82' lang='lat'>30</span> 
     </span>
    </p>

    <p class='ocr_par' dir='ltr' id='par_1_6' title="bbox 202 1411 1238 1624">
     <span class='ocr_line' id='line_1_10' title="bbox 202 1411 1238 1511; baseline 0.001 -27"><span class='ocrx_word' id='word_1_55' title='bbox 202 1411 374 1508; x_wconf 86' lang='lat' dir='ltr'>Utraque</span> <span class='ocrx_word' id='word_1_56' title='bbox 386 1435 487 1484; x_wconf 86' lang='lat' dir='ltr'>saeva</span> <span class='ocrx_word' id='word_1_57' title='bbox 500 1434 652 1509; x_wconf 87' lang='lat' dir='ltr'>parens:</span> <span class='ocrx_word' id='word_1_58' title='bbox 673 1413 741 1485; x_wconf 87' lang='lat' dir='ltr'>sed</span> <span class='ocrx_word' id='word_1_59' title='bbox 751 1413 921 1485; x_wconf 80' lang='lat' dir='ltr'>tristibus</span> <span class='ocrx_word' id='word_1_60' title='bbox 931 1411 1238 1511; x_wconf 83' lang='lat' dir='ltr'>utraquecaussis</span> 
     </span>
     <span class='ocr_line' id='line_1_11' title="bbox 250 1526 972 1624; baseline 0.003 -25"><span class='ocrx_word' id='word_1_61' title='bbox 250 1526 273 1599; x_wconf 91' lang='lat' dir='ltr'>J</span> <span class='ocrx_word' id='word_1_62' title='bbox 277 1528 406 1601; x_wconf 71' lang='lat' dir='ltr'>actura</span> <span class='ocrx_word' id='word_1_63' title='bbox 423 1528 514 1600; x_wconf 89' lang='lat' dir='ltr'>socii</span> <span class='ocrx_word' id='word_1_64' title='bbox 532 1529 728 1624; x_wconf 84' lang='lat' dir='ltr'>sanguinis</span> <span class='ocrx_word' id='word_1_65' title='bbox 745 1529 825 1601; x_wconf 88' lang='lat' dir='ltr'>ulta</span> <span class='ocrx_word' id='word_1_66' title='bbox 839 1528 972 1601; x_wconf 85' lang='lat' dir='ltr'>virum.</span> 
     </span>
    </p>

    <p class='ocr_par' dir='ltr' id='par_1_7' title="bbox 205 1642 1078 1855">
     <span class='ocr_line' id='line_1_12' title="bbox 205 1642 1078 1739; baseline 0.002 -26"><span class='ocrx_word' id='word_1_67' title='bbox 205 1642 344 1728; x_wconf 84' lang='lat' dir='ltr'><strong>Dicite,</strong></span> <span class='ocrx_word' id='word_1_68' title='bbox 364 1643 450 1738; x_wconf 93' lang='lat' dir='ltr'>quis</span> <span class='ocrx_word' id='word_1_69' title='bbox 467 1642 623 1730; x_wconf 79' lang='lat' dir='ltr'>Tereus,</span> <span class='ocrx_word' id='word_1_70' title='bbox 642 1644 728 1739; x_wconf 92' lang='lat' dir='ltr'>quis</span> <span class='ocrx_word' id='word_1_71' title='bbox 744 1668 811 1715; x_wconf 88' lang='lat' dir='ltr'>vos</span> <span class='ocrx_word' id='word_1_72' title='bbox 828 1643 946 1716; x_wconf 88' lang='lat' dir='ltr'>irritet</span> <span class='ocrx_word' id='word_1_73' title='bbox 965 1642 1078 1716; x_wconf 78' lang='lat' dir='ltr'>liison</span> 
     </span>
     <span class='ocr_line' id='line_1_13' title="bbox 252 1755 1032 1855; baseline 0.001 -26"><span class='ocrx_word' id='word_1_74' title='bbox 252 1755 385 1853; x_wconf 85' lang='lat' dir='ltr'>Figere</span> <span class='ocrx_word' id='word_1_75' title='bbox 403 1758 563 1830; x_wconf 66' lang='lat' dir='ltr'>solliciti</span> <span class='ocrx_word' id='word_1_76' title='bbox 580 1781 740 1855; x_wconf 79' lang='lat' dir='ltr'>corpora</span> <span class='ocrx_word' id='word_1_77' title='bbox 755 1769 880 1830; x_wconf 86' lang='lat' dir='ltr'>vestra</span> <span class='ocrx_word' id='word_1_78' title='bbox 895 1758 1032 1830; x_wconf 73' lang='lat' dir='ltr'>manui</span> 
     </span>
    </p>

    <p class='ocr_par' dir='ltr' id='par_1_8' title="bbox 202 1869 1239 2066">
     <span class='ocr_line' id='line_1_14' title="bbox 202 1869 1239 1969; baseline 0 -25"><span class='ocrx_word' id='word_1_79' title='bbox 202 1869 287 1945; x_wconf 91' lang='lat' dir='ltr'>Hoc</span> <span class='ocrx_word' id='word_1_80' title='bbox 305 1897 430 1969; x_wconf 89' lang='lat' dir='ltr'>neque</span> <span class='ocrx_word' id='word_1_81' title='bbox 448 1874 487 1945; x_wconf 89' lang='lat' dir='ltr'>in</span> <span class='ocrx_word' id='word_1_82' title='bbox 505 1871 692 1945; x_wconf 89' lang='lat' dir='ltr'>Armeniis</span> <span class='ocrx_word' id='word_1_83' title='bbox 709 1872 825 1967; x_wconf 85' lang='lat' dir='ltr'>tigres</span> <span class='ocrx_word' id='word_1_84' title='bbox 843 1870 967 1945; x_wconf 89' lang='lat' dir='ltr'>secere</span> <span class='ocrx_word' id='word_1_85' title='bbox 983 1871 1155 1945; x_wconf 67' lang='lat' dir='ltr'>latebris:</span> <span class='ocrx_word' id='word_1_86' title='bbox 1196 1874 1239 1944; x_wconf 76' lang='grc'>35</span> 
     </span>
     <span class='ocr_line' id='line_1_15' title="bbox 252 1989 997 2066; baseline -0.005 -1"><span class='ocrx_word' id='word_1_87' title='bbox 252 1992 417 2066; x_wconf 89' lang='lat' dir='ltr'>Perdere</span> <span class='ocrx_word' id='word_1_88' title='bbox 435 2016 505 2065; x_wconf 89' lang='lat' dir='ltr'>nec</span> <span class='ocrx_word' id='word_1_89' title='bbox 523 1990 635 2063; x_wconf 85' lang='lat' dir='ltr'>foetus</span> <span class='ocrx_word' id='word_1_90' title='bbox 653 2013 745 2063; x_wconf 84' lang='lat' dir='ltr'>ausa</span> <span class='ocrx_word' id='word_1_91' title='bbox 762 1989 881 2062; x_wconf 84' lang='lat' dir='ltr'>leaena</span> <span class='ocrx_word' id='word_1_92' title='bbox 897 2013 997 2061; x_wconf 89' lang='lat' dir='ltr'>suos.</span> 
     </span>
    </p>

    <p class='ocr_par' dir='ltr' id='par_1_9' title="bbox 202 2104 1115 2319">
     <span class='ocr_line' id='line_1_16' title="bbox 202 2104 1115 2203; baseline -0.003 -24"><span class='ocrx_word' id='word_1_93' title='bbox 202 2106 409 2195; x_wconf 81' lang='lat' dir='ltr'>Attenerae</span> <span class='ocrx_word' id='word_1_94' title='bbox 427 2107 580 2190; x_wconf 82' lang='lat' dir='ltr'>faciunt,</span> <span class='ocrx_word' id='word_1_95' title='bbox 601 2106 670 2179; x_wconf 89' lang='lat' dir='ltr'>sed</span> <span class='ocrx_word' id='word_1_96' title='bbox 688 2129 762 2178; x_wconf 90' lang='lat' dir='ltr'>non</span> <span class='ocrx_word' id='word_1_97' title='bbox 779 2106 943 2203; x_wconf 91' lang='lat' dir='ltr'>impune,</span> <span class='ocrx_word' id='word_1_98' title='bbox 962 2104 1115 2202; x_wconf 80' lang='lat' dir='ltr'>puellae.</span> 
     </span>
     <span class='ocr_line' id='line_1_17' title="bbox 254 2220 1082 2319; baseline -0.005 -23"><span class='ocrx_word' id='word_1_99' title='bbox 254 2222 377 2319; x_wconf 85' lang='lat' dir='ltr'>Saepe,</span> <span class='ocrx_word' id='word_1_100' title='bbox 396 2246 484 2294; x_wconf 91' lang='lat' dir='ltr'>suos</span> <span class='ocrx_word' id='word_1_101' title='bbox 503 2232 608 2294; x_wconf 86' lang='lat' dir='ltr'>utero</span> <span class='ocrx_word' id='word_1_102' title='bbox 626 2246 712 2318; x_wconf 86' lang='lat' dir='ltr'>quae</span> <span class='ocrx_word' id='word_1_103' title='bbox 731 2231 853 2307; x_wconf 88' lang='lat' dir='ltr'>necat,</span> <span class='ocrx_word' id='word_1_104' title='bbox 872 2222 956 2318; x_wconf 89' lang='lat' dir='ltr'>ipsa</span> <span class='ocrx_word' id='word_1_105' title='bbox 971 2220 1082 2317; x_wconf 86' lang='lat' dir='ltr'>perit.</span> 
     </span>
    </p>

    <p class='ocr_par' dir='ltr' id='par_1_10' title="bbox 203 2334 1242 2546">
     <span class='ocr_line' id='line_1_18' title="bbox 203 2334 1102 2435; baseline -0.001 -26"><span class='ocrx_word' id='word_1_106' title='bbox 203 2337 294 2435; x_wconf 90' lang='lat' dir='ltr'>Ipsa</span> <span class='ocrx_word' id='word_1_107' title='bbox 311 2336 420 2434; x_wconf 87' lang='lat' dir='ltr'>perit,</span> <span class='ocrx_word' id='word_1_108' title='bbox 439 2335 629 2431; x_wconf 89' lang='lat' dir='ltr'>ferturque</span> <span class='ocrx_word' id='word_1_109' title='bbox 647 2346 728 2408; x_wconf 88' lang='lat' dir='ltr'>toro</span> <span class='ocrx_word' id='word_1_110' title='bbox 746 2334 910 2408; x_wconf 87' lang='lat' dir='ltr'>resoluta</span> <span class='ocrx_word' id='word_1_111' title='bbox 926 2335 1102 2433; x_wconf 84' lang='lat' dir='ltr'>capillos:</span> 
     </span>
     <span class='ocr_line' id='line_1_19' title="bbox 254 2449 1242 2546; baseline -0.003 -23"><span class='ocrx_word' id='word_1_112' title='bbox 254 2450 304 2523; x_wconf 92' lang='lat' dir='ltr'>Et</span> <span class='ocrx_word' id='word_1_113' title='bbox 316 2452 491 2536; x_wconf 85' lang='lat' dir='ltr'>clamant,</span> <span class='ocrx_word' id='word_1_114' title='bbox 506 2449 657 2534; x_wconf 89' lang='lat' dir='ltr'>Merito,</span> <span class='ocrx_word' id='word_1_115' title='bbox 669 2449 735 2544; x_wconf 93' lang='lat' dir='ltr'>qui</span> <span class='ocrx_word' id='word_1_116' title='bbox 747 2451 857 2522; x_wconf 89' lang='lat' dir='ltr'>modo</span> <span class='ocrx_word' id='word_1_117' title='bbox 867 2450 1180 2546; x_wconf 86' lang='lat' dir='ltr'>cumquevideut</span> <span class='ocrx_word' id='word_1_118' title='bbox 1196 2452 1242 2520; x_wconf 80' lang='lat'>40</span> 
     </span>
    </p>

    <p class='ocr_par' dir='ltr' id='par_1_11' title="bbox 205 2565 1140 2779">
     <span class='ocr_line' id='line_1_20' title="bbox 205 2565 1140 2664; baseline -0.003 -27"><span class='ocrx_word' id='word_1_119' title='bbox 205 2565 284 2641; x_wconf 86' lang='lat' dir='ltr'>Ista</span> <span class='ocrx_word' id='word_1_120' title='bbox 300 2568 368 2641; x_wconf 86' lang='lat' dir='ltr'>sed</span> <span class='ocrx_word' id='word_1_121' title='bbox 386 2568 568 2640; x_wconf 85' lang='lat' dir='ltr'>aethereas</span> <span class='ocrx_word' id='word_1_122' title='bbox 587 2577 789 2638; x_wconf 83' lang='lat' dir='ltr'>vanescant</span> <span class='ocrx_word' id='word_1_123' title='bbox 806 2565 908 2640; x_wconf 86' lang='lat' dir='ltr'>dicta</span> <span class='ocrx_word' id='word_1_124' title='bbox 924 2589 993 2664; x_wconf 90' lang='lat' dir='ltr'>per</span> <span class='ocrx_word' id='word_1_125' title='bbox 1009 2587 1140 2639; x_wconf 83' lang='lat' dir='ltr'>auras:</span> 
     </span>
     <span class='ocr_line' id='line_1_21' title="bbox 254 2682 1033 2779; baseline -0.003 -23"><span class='ocrx_word' id='word_1_126' title='bbox 254 2682 304 2755; x_wconf 90' lang='lat' dir='ltr'>Et</span> <span class='ocrx_word' id='word_1_127' title='bbox 321 2684 396 2756; x_wconf 91' lang='lat' dir='ltr'>sint</span> <span class='ocrx_word' id='word_1_128' title='bbox 414 2683 603 2755; x_wconf 90' lang='lat' dir='ltr'>ominibus</span> <span class='ocrx_word' id='word_1_129' title='bbox 620 2682 790 2779; x_wconf 88' lang='lat' dir='ltr'>pondera</span> <span class='ocrx_word' id='word_1_130' title='bbox 807 2683 909 2756; x_wconf 84' lang='lat' dir='ltr'>nulia</span> <span class='ocrx_word' id='word_1_131' title='bbox 926 2683 1033 2756; x_wconf 79' lang='lat' dir='ltr'>meis,</span> 
     </span>
    </p>
   </div>
   <div class='ocr_carea' id='block_1_3' title="bbox 201 3011 1244 3298">
    <p class='ocr_par' dir='ltr' id='par_1_12' title="bbox 201 3011 1244 3298">
     <span class='ocr_line' id='line_1_22' title="bbox 234 3011 1244 3076; baseline 0.002 -18"><span class='ocrx_word' id='word_1_132' title='bbox 234 3011 275 3058; x_wconf 78' lang='lat'>2³.</span> <span class='ocrx_word' id='word_1_133' title='bbox 293 3011 356 3065; x_wconf 84' lang='lat' dir='ltr'>Quid</span> <span class='ocrx_word' id='word_1_134' title='bbox 369 3013 643 3076; x_wconf 75' lang='lat' dir='ltr'>ptenerufruudarritem</span> <span class='ocrx_word' id='word_1_135' title='bbox 654 3030 702 3061; x_wconf 86' lang='lat' dir='ltr'>cre·</span> <span class='ocrx_word' id='word_1_136' title='bbox 787 3014 836 3062; x_wconf 74' lang='lat' dir='ltr'>Nee</span> <span class='ocrx_word' id='word_1_137' title='bbox 843 3011 1244 3076; x_wconf 62' lang='lat' dir='ltr'>mummolum</span> 
     </span>
     <span class='ocr_line' id='line_1_23' title="bbox 201 3085 1217 3148; baseline 0.003 -18"><span class='ocrx_word' id='word_1_138' title='bbox 201 3087 313 3131; x_wconf 68' lang='lat' dir='ltr'>arentibus</span> <span class='ocrx_word' id='word_1_139' title='bbox 324 3087 389 3132; x_wconf 66' lang='lat' dir='ltr'>urbi</span> <span class='ocrx_word' id='word_1_140' title='bbox 407 3085 519 3148; x_wconf 75' lang='lat' dir='ltr'>Pomaque</span> <span class='ocrx_word' id='word_1_141' title='bbox 536 3088 624 3135; x_wconf 72' lang='lat' dir='ltr'>crudeli</span> <span class='ocrx_word' id='word_1_142' title='bbox 640 3088 704 3134; x_wconf 65' lang='lat' dir='ltr'>retiis</span> <span class='ocrx_word' id='word_1_143' title='bbox 816 3092 886 3137; x_wconf 82' lang='lat' dir='ltr'>ridet.</span> <span class='ocrx_word' id='word_1_144' title='bbox 1104 3085 1217 3134; x_wconf 69' lang='lat' dir='ltr'>Maurus.</span> 
     </span>
     <span class='ocr_line' id='line_1_24' title="bbox 201 3158 1222 3224; baseline 0.002 -20"><span class='ocrx_word' id='word_1_145' title='bbox 201 3159 281 3204; x_wconf 79' lang='lat' dir='ltr'>acerba</span> <span class='ocrx_word' id='word_1_146' title='bbox 292 3176 361 3205; x_wconf 81' lang='lat' dir='ltr'>manu</span> <span class='ocrx_word' id='word_1_147' title='bbox 369 3159 391 3221; x_wconf 73' lang='lat'>2]</span> <span class='ocrx_word' id='word_1_148' title='bbox 411 3158 481 3206; x_wconf 82' lang='lat' dir='ltr'>Hanc</span> <span class='ocrx_word' id='word_1_149' title='bbox 493 3158 633 3206; x_wconf 70' lang='lat' dir='ltr'>senteutiam</span> <span class='ocrx_word' id='word_1_150' title='bbox 644 3174 703 3223; x_wconf 84' lang='lat' dir='ltr'>pau·</span> <span class='ocrx_word' id='word_1_151' title='bbox 786 3163 826 3210; x_wconf 82' lang='lat'>31.</span> <span class='ocrx_word' id='word_1_152' title='bbox 841 3160 964 3224; x_wconf 60' lang='lat' dir='ltr'>Utraque]</span> <span class='ocrx_word' id='word_1_153' title='bbox 986 3158 1078 3208; x_wconf 73' lang='lat' dir='ltr'>Medea</span> <span class='ocrx_word' id='word_1_154' title='bbox 1087 3167 1114 3206; x_wconf 81' lang='lat' dir='ltr'>et</span> <span class='ocrx_word' id='word_1_155' title='bbox 1124 3158 1222 3224; x_wconf 72' lang='lat' dir='ltr'>Prugne.</span> 
     </span>
     <span class='ocr_line' id='line_1_25' title="bbox 203 3228 1243 3298; baseline 0.005 -22"><span class='ocrx_word' id='word_1_156' title='bbox 203 3228 238 3276; x_wconf 84' lang='lat' dir='ltr'>cis</span> <span class='ocrx_word' id='word_1_157' title='bbox 248 3231 473 3279; x_wconf 82' lang='lat' dir='ltr'>mutatiseTibullo</span> <span class='ocrx_word' id='word_1_158' title='bbox 490 3233 532 3280; x_wconf 89' lang='lat' dir='ltr'>lib.</span> <span class='ocrx_word' id='word_1_159' title='bbox 549 3232 584 3279; x_wconf 88' lang='lat' dir='ltr'>iii.</span> <span class='ocrx_word' id='word_1_160' title='bbox 597 3233 667 3297; x_wconf 79' lang='lat' dir='ltr'>Eleg.</span> <span class='ocrx_word' id='word_1_161' title='bbox 679 3250 702 3280; x_wconf 86' lang='lat' dir='ltr'>v.</span> <span class='ocrx_word' id='word_1_162' title='bbox 785 3237 826 3283; x_wconf 82' lang='grc'>39.</span> <span class='ocrx_word' id='word_1_163' title='bbox 845 3235 973 3297; x_wconf 69' lang='lat' dir='ltr'>ferturque</span> <span class='ocrx_word' id='word_1_164' title='bbox 989 3232 1065 3298; x_wconf 69' lang='lat' dir='ltr'>rega]</span> <span class='ocrx_word' id='word_1_165' title='bbox 1096 3232 1155 3282; x_wconf 76' lang='lat' dir='ltr'>Tm</span> <span class='ocrx_word' id='word_1_166' title='bbox 1170 3232 1243 3281; x_wconf 73' lang='lat' dir='ltr'>Sern-</span> 
     </span>
    </p>
   </div>
   <div class='ocr_carea' id='block_1_4' title="bbox 203 3302 1247 3439">
    <p class='ocr_par' dir='ltr' id='par_1_13' title="bbox 203 3302 1247 3439">
     <span class='ocr_line' id='line_1_26' title="bbox 203 3302 1246 3367; baseline 0.006 -18"><span class='ocrx_word' id='word_1_167' title='bbox 203 3302 305 3367; x_wconf 80' lang='lat' dir='ltr'>accepit.</span> <span class='ocrx_word' id='word_1_168' title='bbox 328 3304 400 3351; x_wconf 80' lang='lat' dir='ltr'>Cror.</span> <span class='ocrx_word' id='word_1_169' title='bbox 753 3307 836 3357; x_wconf 82' lang='lat' dir='ltr'>vianus</span> <span class='ocrx_word' id='word_1_170' title='bbox 846 3320 871 3357; x_wconf 87' lang='lat' dir='ltr'>et</span> <span class='ocrx_word' id='word_1_171' title='bbox 880 3325 941 3358; x_wconf 85' lang='lat' dir='ltr'>uuus</span> <span class='ocrx_word' id='word_1_172' title='bbox 951 3324 980 3356; x_wconf 85' lang='lat' dir='ltr'>er</span> <span class='ocrx_word' id='word_1_173' title='bbox 992 3307 1060 3355; x_wconf 75' lang='lat' dir='ltr'>rucis.</span> <span class='ocrx_word' id='word_1_174' title='bbox 1075 3306 1147 3355; x_wconf 83' lang='lat' dir='ltr'>bene.</span> <span class='ocrx_word' id='word_1_175' title='bbox 1163 3307 1187 3354; x_wconf 88' lang='lat' dir='ltr'>in</span> <span class='ocrx_word' id='word_1_176' title='bbox 1202 3314 1246 3355; x_wconf 74' lang='lat' dir='ltr'>tun</span> 
     </span>
     <span class='ocr_line' id='line_1_27' title="bbox 235 3370 1247 3439; baseline -0.003 -17"><span class='ocrx_word' id='word_1_177' title='bbox 235 3376 276 3422; x_wconf 81' lang='lat'>28.</span> <span class='ocrx_word' id='word_1_178' title='bbox 288 3375 395 3423; x_wconf 77' lang='lat' dir='ltr'>Nondum</span> <span class='ocrx_word' id='word_1_179' title='bbox 408 3377 487 3439; x_wconf 69' lang='lat' dir='ltr'>narie]</span> <span class='ocrx_word' id='word_1_180' title='bbox 507 3377 621 3425; x_wconf 81' lang='lat' dir='ltr'>Francius</span> <span class='ocrx_word' id='word_1_181' title='bbox 629 3377 700 3425; x_wconf 77' lang='lat' dir='ltr'>male-</span> <span class='ocrx_word' id='word_1_182' title='bbox 753 3374 816 3420; x_wconf 88' lang='lat' dir='ltr'>enim</span> <span class='ocrx_word' id='word_1_183' title='bbox 826 3372 911 3421; x_wconf 85' lang='lat' dir='ltr'>mortui</span> <span class='ocrx_word' id='word_1_184' title='bbox 921 3372 1091 3420; x_wconf 70' lang='lat' dir='ltr'>efferebantur.</span> <span class='ocrx_word' id='word_1_185' title='bbox 1101 3372 1167 3435; x_wconf 81' lang='lat' dir='ltr'>quod</span> <span class='ocrx_word' id='word_1_186' title='bbox 1182 3378 1206 3420; x_wconf 77' lang='lat' dir='ltr'>et</span> <span class='ocrx_word' id='word_1_187' title='bbox 1219 3370 1247 3418; x_wconf 71' lang='lat' dir='ltr'>ab</span> 
     </span>
    </p>
   </div>
   <div class='ocr_carea' id='block_1_5' title="bbox 200 3445 1249 4175">
    <p class='ocr_par' dir='ltr' id='par_1_14' title="bbox 200 3445 1249 4175">
     <span class='ocr_line' id='line_1_28' title="bbox 203 3445 1188 3515; baseline -0.002 -21"><span class='ocrx_word' id='word_1_188' title='bbox 203 3447 254 3503; x_wconf 84' lang='lat' dir='ltr'>bat,</span> <span class='ocrx_word' id='word_1_189' title='bbox 272 3459 337 3494; x_wconf 77' lang='lat' dir='ltr'>nato:</span> <span class='ocrx_word' id='word_1_190' title='bbox 359 3447 502 3503; x_wconf 82' lang='lat' dir='ltr'>offendebat,</span> <span class='ocrx_word' id='word_1_191' title='bbox 519 3450 618 3505; x_wconf 76' lang='lat' dir='ltr'>scilicet,</span> <span class='ocrx_word' id='word_1_192' title='bbox 636 3450 701 3515; x_wconf 71' lang='lat' dir='ltr'>ryth-</span> <span class='ocrx_word' id='word_1_193' title='bbox 752 3446 805 3494; x_wconf 78' lang='lat' dir='ltr'>eliis</span> <span class='ocrx_word' id='word_1_194' title='bbox 811 3448 862 3511; x_wconf 83' lang='lat' dir='ltr'>jam</span> <span class='ocrx_word' id='word_1_195' title='bbox 873 3445 1072 3495; x_wconf 82' lang='lat' dir='ltr'>animadversum.</span> <span class='ocrx_word' id='word_1_196' title='bbox 1096 3445 1188 3494; x_wconf 74' lang='lat' dir='ltr'>Hnrse.</span> 
     </span>
     <span class='ocr_line' id='line_1_29' title="bbox 203 3517 1245 3589; baseline -0.002 -21"><span class='ocrx_word' id='word_1_197' title='bbox 203 3536 256 3569; x_wconf 86' lang='lat' dir='ltr'>mus</span> <span class='ocrx_word' id='word_1_198' title='bbox 272 3520 322 3578; x_wconf 88' lang='lat' dir='ltr'>ille,</span> <span class='ocrx_word' id='word_1_199' title='bbox 336 3525 395 3569; x_wconf 79' lang='lat' dir='ltr'>nutis</span> <span class='ocrx_word' id='word_1_200' title='bbox 406 3532 430 3569; x_wconf 83' lang='lat' dir='ltr'>et</span> <span class='ocrx_word' id='word_1_201' title='bbox 441 3525 510 3569; x_wconf 79' lang='lat' dir='ltr'>dctis.</span> <span class='ocrx_word' id='word_1_202' title='bbox 522 3524 556 3571; x_wconf 84' lang='lat' dir='ltr'>sic</span> <span class='ocrx_word' id='word_1_203' title='bbox 568 3523 643 3589; x_wconf 80' lang='lat' dir='ltr'>Epist.</span> <span class='ocrx_word' id='word_1_204' title='bbox 652 3523 701 3572; x_wconf 83' lang='lat' dir='ltr'>viii.</span> <span class='ocrx_word' id='word_1_205' title='bbox 785 3522 825 3567; x_wconf 81' lang='lat'>40.</span> <span class='ocrx_word' id='word_1_206' title='bbox 839 3520 870 3567; x_wconf 75' lang='lat' dir='ltr'>Er</span> <span class='ocrx_word' id='word_1_207' title='bbox 879 3519 979 3581; x_wconf 65' lang='lat' dir='ltr'>mettre]</span> <span class='ocrx_word' id='word_1_208' title='bbox 1002 3517 1162 3574; x_wconf 67' lang='lat' dir='ltr'>Scilicetisra</span> <span class='ocrx_word' id='word_1_209' title='bbox 1169 3519 1245 3580; x_wconf 65' lang='lat' dir='ltr'>ptis:</span> 
     </span>
     <span class='ocr_line' id='line_1_30' title="bbox 206 3589 1246 3643; baseline -0.004 0"><span class='ocrx_word' id='word_1_210' title='bbox 206 3595 262 3643; x_wconf 81' lang='lat'>1³6.</span> <span class='ocrx_word' id='word_1_211' title='bbox 752 3601 788 3640; x_wconf 86' lang='lat' dir='ltr'>est</span> <span class='ocrx_word' id='word_1_212' title='bbox 798 3592 861 3639; x_wconf 89' lang='lat' dir='ltr'>enim</span> <span class='ocrx_word' id='word_1_213' title='bbox 872 3608 917 3640; x_wconf 85' lang='lat' dir='ltr'>vox</span> <span class='ocrx_word' id='word_1_214' title='bbox 930 3590 1096 3640; x_wconf 82' lang='lat' dir='ltr'>clamantium.</span> <span class='ocrx_word' id='word_1_215' title='bbox 1130 3589 1162 3639; x_wconf 90' lang='lat' dir='ltr'>In</span> <span class='ocrx_word' id='word_1_216' title='bbox 1176 3601 1246 3639; x_wconf 71' lang='lat' dir='ltr'>retu·</span> 
     </span>
     <span class='ocr_line' id='line_1_31' title="bbox 236 3662 1246 3733; baseline -0.008 -14"><span class='ocrx_word' id='word_1_217' title='bbox 236 3669 268 3719; x_wconf 75' lang='lat' dir='ltr'>Ee</span> <span class='ocrx_word' id='word_1_218' title='bbox 294 3670 395 3717; x_wconf 73' lang='lat' dir='ltr'>nondum</span> <span class='ocrx_word' id='word_1_219' title='bbox 421 3678 477 3715; x_wconf 78' lang='lat' dir='ltr'>autc</span> <span class='ocrx_word' id='word_1_220' title='bbox 498 3669 596 3733; x_wconf 41' lang='lat' dir='ltr'>‚sunnis</span> <span class='ocrx_word' id='word_1_221' title='bbox 622 3681 702 3718; x_wconf 66' lang='lat' dir='ltr'>aanor</span> <span class='ocrx_word' id='word_1_222' title='bbox 752 3666 847 3714; x_wconf 82' lang='lat' dir='ltr'>tissimis</span> <span class='ocrx_word' id='word_1_223' title='bbox 856 3676 935 3714; x_wconf 79' lang='lat' dir='ltr'>tamen</span> <span class='ocrx_word' id='word_1_224' title='bbox 948 3664 1071 3713; x_wconf 79' lang='lat' dir='ltr'>codicibus</span> <span class='ocrx_word' id='word_1_225' title='bbox 1087 3662 1125 3712; x_wconf 80' lang='lat' dir='ltr'>ita</span> <span class='ocrx_word' id='word_1_226' title='bbox 1140 3665 1246 3730; x_wconf 75' lang='lat' dir='ltr'>scriptu</span> 
     </span>
     <span class='ocr_line' id='line_1_32' title="bbox 266 3740 961 3793; baseline -0.009 0"><span class='ocrx_word' id='word_1_227' title='bbox 266 3747 320 3793; x_wconf 78' lang='lat' dir='ltr'>eris.</span> <span class='ocrx_word' id='word_1_228' title='bbox 752 3740 842 3788; x_wconf 82' lang='lat' dir='ltr'>erthoc</span> <span class='ocrx_word' id='word_1_229' title='bbox 854 3755 961 3788; x_wconf 73' lang='lat' dir='ltr'>mrmen:</span> 
     </span>
     <span class='ocr_line' id='line_1_33' title="bbox 233 3813 1249 3882; baseline -0.006 -14"><span class='ocrx_word' id='word_1_230' title='bbox 233 3821 276 3868; x_wconf 76' lang='lat'>29.</span> <span class='ocrx_word' id='word_1_231' title='bbox 296 3818 424 3866; x_wconf 76' lang='lat' dir='ltr'>Puerorum</span> <span class='ocrx_word' id='word_1_232' title='bbox 442 3817 574 3881; x_wconf 71' lang='lat' dir='ltr'>sanguiue]</span> <span class='ocrx_word' id='word_1_233' title='bbox 601 3818 629 3864; x_wconf 86' lang='lat' dir='ltr'>ln</span> <span class='ocrx_word' id='word_1_234' title='bbox 648 3818 700 3882; x_wconf 88' lang='lat' dir='ltr'>qui·</span> <span class='ocrx_word' id='word_1_235' title='bbox 786 3813 817 3860; x_wconf 83' lang='lat' dir='ltr'>Et</span> <span class='ocrx_word' id='word_1_236' title='bbox 828 3816 920 3869; x_wconf 81' lang='lat' dir='ltr'>riumut,</span> <span class='ocrx_word' id='word_1_237' title='bbox 930 3816 1016 3868; x_wconf 80' lang='lat' dir='ltr'>merito,</span> <span class='ocrx_word' id='word_1_238' title='bbox 1026 3815 1067 3875; x_wconf 76' lang='lat' dir='ltr'>qui</span> <span class='ocrx_word' id='word_1_239' title='bbox 1083 3817 1149 3862; x_wconf 69' lang='lat' dir='ltr'>nodo</span> <span class='ocrx_word' id='word_1_240' title='bbox 1165 3826 1249 3877; x_wconf 68' lang='lat' dir='ltr'>cunque</span> 
     </span>
     <span class='ocr_line' id='line_1_34' title="bbox 200 3889 885 3956; baseline -0.01 -15"><span class='ocrx_word' id='word_1_241' title='bbox 200 3892 302 3941; x_wconf 82' lang='lat' dir='ltr'>busdam</span> <span class='ocrx_word' id='word_1_242' title='bbox 323 3889 496 3956; x_wconf 81' lang='lat' dir='ltr'>exemplaribus</span> <span class='ocrx_word' id='word_1_243' title='bbox 515 3889 602 3953; x_wconf 83' lang='lat' dir='ltr'>legitur</span> <span class='ocrx_word' id='word_1_244' title='bbox 619 3890 700 3947; x_wconf 83' lang='lat' dir='ltr'>etiam,</span> <span class='ocrx_word' id='word_1_245' title='bbox 814 3889 885 3934; x_wconf 79' lang='lat' dir='ltr'>ridet.</span> 
     </span>
     <span class='ocr_line' id='line_1_35' title="bbox 202 3961 1247 4028; baseline -0.007 -15"><span class='ocrx_word' id='word_1_246' title='bbox 202 3976 316 4013; x_wconf 73' lang='lat' dir='ltr'>mentm.</span> <span class='ocrx_word' id='word_1_247' title='bbox 327 3964 369 4013; x_wconf 80' lang='lat' dir='ltr'>red</span> <span class='ocrx_word' id='word_1_248' title='bbox 382 3963 469 4028; x_wconf 87' lang='lat' dir='ltr'>optime</span> <span class='ocrx_word' id='word_1_249' title='bbox 480 3978 574 4027; x_wconf 81' lang='lat' dir='ltr'>quoque</span> <span class='ocrx_word' id='word_1_250' title='bbox 592 3961 700 4025; x_wconf 85' lang='lat' dir='ltr'>legimus,</span> <span class='ocrx_word' id='word_1_251' title='bbox 752 3962 799 4015; x_wconf 85' lang='lat' dir='ltr'>Qui</span> <span class='ocrx_word' id='word_1_252' title='bbox 810 3965 975 4023; x_wconf 71' lang='lat' dir='ltr'>undecunque,</span> <span class='ocrx_word' id='word_1_253' title='bbox 988 3974 1031 4024; x_wconf 88' lang='lat' dir='ltr'>pro</span> <span class='ocrx_word' id='word_1_254' title='bbox 1040 3961 1184 4023; x_wconf 70' lang='lat' dir='ltr'>quicunque:</span> <span class='ocrx_word' id='word_1_255' title='bbox 1200 3973 1247 4006; x_wconf 73' lang='grc' dir='ltr'>ω·</span> 
     </span>
     <span class='ocr_line' id='line_1_36' title="bbox 200 4032 1247 4099; baseline -0.006 -13"><span class='ocrx_word' id='word_1_256' title='bbox 200 4039 363 4099; x_wconf 51' lang='lat' dir='ltr'>mammae</span> <span class='ocrx_word' id='word_1_257' title='bbox 373 4049 408 4086; x_wconf 83' lang='lat' dir='ltr'>est</span> <span class='ocrx_word' id='word_1_258' title='bbox 417 4037 525 4092; x_wconf 85' lang='lat' dir='ltr'>filiorum,</span> <span class='ocrx_word' id='word_1_259' title='bbox 534 4052 596 4085; x_wconf 86' lang='lat' dir='ltr'>more</span> <span class='ocrx_word' id='word_1_260' title='bbox 607 4037 700 4094; x_wconf 73' lang='lat' dir='ltr'>Graeco,</span> <span class='ocrx_word' id='word_1_261' title='bbox 751 4035 821 4083; x_wconf 87' lang='lat' dir='ltr'>minis</span> <span class='ocrx_word' id='word_1_262' title='bbox 834 4036 897 4084; x_wconf 89' lang='lat' dir='ltr'>enim</span> <span class='ocrx_word' id='word_1_263' title='bbox 908 4032 1048 4082; x_wconf 68' lang='lat' dir='ltr'>necessitate</span> <span class='ocrx_word' id='word_1_264' title='bbox 1064 4043 1164 4083; x_wconf 62' lang='lat' dir='ltr'>coatus</span> <span class='ocrx_word' id='word_1_265' title='bbox 1177 4032 1247 4080; x_wconf 67' lang='lat' dir='ltr'>intu-</span> 
     </span>
     <span class='ocr_line' id='line_1_37' title="bbox 202 4107 1051 4175; baseline -0.006 -16"><span class='ocrx_word' id='word_1_266' title='bbox 202 4119 228 4159; x_wconf 84' lang='lat' dir='ltr'>ut</span> <span class='ocrx_word' id='word_1_267' title='bbox 240 4110 303 4175; x_wconf 86' lang='lat' dir='ltr'>apud</span> <span class='ocrx_word' id='word_1_268' title='bbox 315 4112 397 4159; x_wconf 80' lang='lat' dir='ltr'>Horat.</span> <span class='ocrx_word' id='word_1_269' title='bbox 407 4110 460 4158; x_wconf 79' lang='lat' dir='ltr'>An.</span> <span class='ocrx_word' id='word_1_270' title='bbox 472 4109 542 4158; x_wconf 57' lang='lat' dir='ltr'>Post.</span> <span class='ocrx_word' id='word_1_271' title='bbox 556 4110 610 4158; x_wconf 77' lang='lat'><strong>18⁵.</strong></span> <span class='ocrx_word' id='word_1_272' title='bbox 751 4109 837 4173; x_wconf 83' lang='lat' dir='ltr'>posuit,</span> <span class='ocrx_word' id='word_1_273' title='bbox 848 4114 921 4158; x_wconf 77' lang='lat' dir='ltr'>modo.</span> <span class='ocrx_word' id='word_1_274' title='bbox 940 4107 1051 4154; x_wconf 70' lang='lat' dir='ltr'>Minius.</span> 
     </span>
    </p>
   </div>
   <div class='ocr_carea' id='block_1_6' title="bbox 0 0 1466 4980">
    <p class='ocr_par' dir='ltr' id='par_1_15' title="bbox 0 0 1466 4980">
     <span class='ocr_line' id='line_1_38' title="bbox 0 0 1466 4980; baseline 0 0"><span class='ocrx_word' id='word_1_275' title='bbox 0 0 1466 4980; x_wconf 95' lang='lat' dir='ltr'> </span> 
     </span>
    </p>
   </div>
  </div>
 </body>
</html>
