2896 4980
192 310 259 380 Μ
482 308 522 374 Ρ.
546 305 709 375 ovluu
731 305 944 376 NASONIS

195 483 376 582 Adspice,
390 482 565 559 demissis
582 493 625 556 ut
641 493 704 557 eat
721 483 944 558 miserabilis
962 484 1054 573 alis;

247 598 485 695 Pectoraque
502 597 640 672 infesta
659 598 792 672 tundat
808 610 938 697 aperta
950 622 1077 674 manu.
1198 608 1242 677 10

199 714 404 813 Excipiunt
417 714 539 812 sparsi
556 713 728 788 lacrimas
746 737 814 813 per
830 716 928 789 colla
944 716 1085 814 capilli,

248 832 403 928 Oraque
420 831 586 927 singultu
604 831 842 905 concutiente
860 842 1007 905 sonant.

199 949 338 1022 Fratris
356 947 394 1021 in
411 946 540 1020 AEneae
558 948 612 1021 sic
631 948 736 1020 illum
753 947 883 1021 sunere
899 948 1031 1022 dicunt

248 1063 454 1162 Egressum
470 1063 593 1151 tectis,
613 1064 770 1163 pulcher
789 1061 883 1149 Iiile,
901 1063 990 1159 tuis.

198 1180 281 1255 Nec
297 1180 421 1253 minus
439 1189 498 1255 est
514 1179 671 1254 confusa
687 1179 830 1265 Venus
850 1179 1030 1253 moriente
1048 1179 1220 1268 Tibullo,-

246 1295 369 1380 Quam
382 1295 510 1392 juveni
529 1296 630 1393 rupit
647 1320 733 1369 cum
751 1295 851 1370 serus
871 1296 1009 1391 inguen
1026 1320 1131 1395 aper.
1197 1301 1239 1370 16

197 1413 249 1486 At
265 1412 361 1486 sacri
379 1422 496 1498 vates,
516 1421 554 1486 et
573 1410 712 1484 Divum
729 1434 819 1484 cura
835 1434 1027 1485 vocamur:

248 1527 346 1600 Sunt
362 1526 488 1612 etiam,
508 1527 574 1624 qui
591 1551 659 1601 nos
676 1550 815 1600 numen
832 1528 971 1601 babere
988 1538 1137 1626 putent.

199 1642 354 1717 Scilicet
371 1667 482 1716 omne
499 1667 647 1717 sacrum
664 1668 765 1717 mors
783 1644 995 1741 importuna
1011 1642 1201 1740 profanat:

248 1758 435 1832 Omnibus
453 1761 632 1832 obscuras
650 1759 769 1856 injicit
787 1758 852 1831 illa
868 1781 1013 1830 manus.
1190 1763 1238 1830 20

197 1872 298 1957 Quid
316 1885 424 1972 pater
441 1874 612 1961 Ismario,
631 1875 723 1972 quid
741 1887 871 1960 mater,
890 1872 1029 1972 profuit
1047 1872 1226 1971 Orpheo?

248 1988 425 2063 Carmine
443 1991 534 2087 quid
551 1990 668 2063 victas
686 1990 928 2089 obstupuisse
945 1988 1065 2063 seras?

197 2103 346 2178 AElinon
364 2104 402 2176 in
420 2105 522 2177 silvis
540 2105 640 2177 idem
658 2115 777 2203 pater,
794 2104 956 2191 AElin0n‚
975 2103 1060 2177 altis

248 2219 397 2293 Dicitur
414 2219 530 2293 invita
549 2218 785 2292 concinuisse
801 2219 899 2317 lyra.

86 1728 109 1766 d

228 2421 253 2468 9.
277 2420 356 2482 Aspice
374 2417 491 2482 demissis]
516 2419 616 2482 Deitatis
635 2420 694 2468 Bar·
744 2418 912 2484 Marionigrm
927 2416 1081 2484 explicandas
1096 2417 1197 2468 cemuit.
1213 2425 1236 2468 el

196 2492 274 2551 thius3
291 2492 332 2557 qui
349 2492 470 2541 literarum
485 2507 568 2541 sonum
582 2492 695 2556 quodam·
744 2503 823 2543 recte:
840 2508 896 2541 nam
907 2491 986 2541 omnia
995 2490 1075 2541 inieris
1083 2501 1109 2542 et
1120 2491 1187 2542 morti
1198 2490 1237 2541 ul·

195 2565 266 2614 modo
276 2566 361 2615 referre
372 2564 473 2615 celerem
486 2565 577 2613 alarum
587 2564 696 2629 plamum
744 2567 832 2633 scriptu
842 2571 912 2632 nigra
921 2566 1042 2616 dicuutur.
1059 2567 1122 2617 male
1133 2566 1173 2616 bic
1182 2567 1238 2616 Bar·

196 2648 273 2703 putat.
745 2641 809 2691 thius
828 2643 930 2690 mnam
955 2656 1039 2689 manus
1064 2640 1236 2707 interpretatur·

230 2714 268 2762 15.
285 2711 407 2777 corisum]
427 2711 483 2761 Duo
499 2710 590 2776 scripti,
601 2729 694 2761 concae·
744 2716 801 2780 quia
817 2715 926 2764 latebant
934 2730 1023 2772 omnes,
1033 2730 1081 2780 qno
1097 2714 1175 2764 colore
1191 2728 1238 2763 ma·

194 2804 229 2834 si.
246 2786 288 2834 sed
300 2786 395 2834 trustra.
406 2785 513 2851 confusus
522 2801 564 2850 pro
572 2785 632 2833 tristi
640 2802 695 2851 pas·
744 2805 789 2837 nus
799 2788 923 2837 mortifera
934 2797 1019 2837 esseut.
1052 2789 1142 2838 Burin.

195 2858 240 2907 sim
256 2859 359 2923 ponitur.
377 2857 427 2906 vid.
445 2855 521 2922 Epist.
537 2856 586 2905 xix.
600 2860 653 2909 19³.
670 2868 695 2908 et
776 2865 817 2912 23.
834 2861 953 2925 altnae]
967 2862 1085 2911 EtLinon
1095 2864 1237 2914 anomia·

197 2933 228 2982 vi.
264 2934 327 2981 Fast.
344 2933 401 2982 582.
418 2931 482 2996 apud
498 2932 634 2981 Petronium
649 2949 694 2982 sn·
745 2952 803 2986 neus
823 2952 878 2985 cum
896 2936 985 3001 optimo
999 2936 1118 2996 Palatino,
1136 2936 1237 2988 timue

196 3007 257 3072 pius.
273 3010 364 3055 concuti
372 3005 486 3071 gravimis
496 3005 636 3055 adlectionis
644 3023 695 3055 ver·
744 3010 816 3067 liano,
826 3019 851 3059 et
868 3009 942 3058 tribua
951 3009 1014 3058 aliis.
1031 3012 1133 3060 venusti
1149 3011 1237 3061 maliet·

197 3084 264 3130 bum.
276 3081 324 3129 vid.
335 3080 444 3130 Perizon.
453 3079 484 3128 ad
495 3077 547 3128 Liv.
558 3080 643 3129 xxxiii.
658 3082 695 3131 19.
744 3084 811 3133 cules
827 3082 972 3148 repetitione.
989 3099 1032 3148 pro
1042 3100 1090 3149 quo
1101 3084 1151 3142 elii.
1162 3086 1237 3140 edidit.

198 3157 287 3204 Burin.
745 3161 847 3208 abditum
857 3161 891 3214 in,
901 3160 948 3216 vel,
959 3163 1089 3220 expositum
1105 3169 1130 3207 et
1145 3157 1237 3208 nnita

233 3228 270 3275 l8.
287 3228 346 3274 Sunt
363 3229 481 3289 etiamqui
497 3244 536 3274 izos
550 3242 634 3274 tuamen
653 3228 694 3274 bu·
746 3233 858 3282 Ceterum
878 3232 1012 3281 Puteaneue
1032 3248 1048 3281 n
1068 3248 1140 3282 manu
1159 3233 1238 3299 print,

199 3307 248 3351 bere
267 3302 369 3364 patent]
389 3302 505 3366 Expressa
522 3302 637 3358 Socrates,
657 3301 696 3350 vel
747 3306 843 3355 Elison.
863 3313 897 3353 ut
917 3314 1015 3370 utroque
1036 3307 1115 3355 forsan
1141 3306 1194 3357 loon
1211 3307 1240 3356 sit

199 3378 268 3426 Plato
285 3374 371 3440 potius,
389 3374 419 3422 ml
439 3374 523 3430 lenem,
542 3373 567 3421 in
578 3374 644 3422 Dial.
654 3374 695 3439 qui
746 3378 905 3434 scribendum,
917 3380 1022 3427 AElinoa.
1039 3378 1082 3429 aad
1093 3380 1240 3438 uccellmc

199 3453 233 3501 sic
251 3447 399 3497 inscribitur:
417 3447 549 3512 Οὒτέχνη,
562 3446 629 3496 ἀλλὰ
644 3448 697 3514 θείᾳ
747 3469 839 3518 semper
857 3453 953 3501 carmen
971 3452 1093 3517 lugubre..
1113 3452 1240 3504 Albanus

198 3524 279 3590 μοίρᾳ.
313 3522 344 3569 Et
359 3521 409 3586 ipse
425 3521 520 3578 Noster,
540 3522 605 3569 Fast.
621 3521 653 3571 vi.
671 3524 695 3571 6.
745 3527 787 3576 lib.
796 3525 844 3574 xiv.
877 3524 951 3583 Λίνος
961 3522 985 3574 δὲ
1001 3527 1043 3574 :al
1055 3525 1153 3586 αἴλινος
1161 3526 1240 3592 οὑμό-

199 3598 240 3648 sed
253 3594 368 3645 ornatius:
746 3596 1088 3654 vovlveinlleowdtibdrni
1098 3598 1137 3647 ixl
1147 3600 1240 3664 εὑηχιῖ

234 3672 275 3720 Est
286 3670 349 3718 Deus
358 3672 388 3718 ia·
399 3670 475 3727 nonin
492 3672 596 3734 agitante
607 3672 698 3720 culmi·
746 3675 836 3738 μολπῶ
842 3673 960 3732 κατὰτήν
966 3671 1113 3738 Εὐριπίδην.
1131 3674 1239 3724 Cutem

297 3745 411 3791 miscillo:
746 3759 772 3796 ut
791 3763 805 3795 a
819 3747 878 3795 Lino
889 3746 989 3805 Λῖλινος
1005 3746 1100 3810 θρῆνος
1115 3747 1240 3804 derivatur,

234 3821 333 3882 impetus
343 3819 379 3866 liic
389 3833 457 3866 sacra
467 3820 549 3865 nmina
560 3820 641 3866 mentis
656 3819 692 3865 lu·
746 3822 780 3869 sic
798 3821 828 3868 ab
846 3820 935 3868 lnlemo
951 3819 1071 3885 Calliopes
1088 3821 1138 3869 filio
1152 3821 1241 3885 θρῆνος

296 3894 339 3940 bet.
574 3891 664 3939 iluna.
747 3893 865 3957 Ἰάλεμος.
899 3892 1024 3942 Scholiast.
1048 3892 1132 3958 Apoll.
1153 3893 1239 3943 Rhodii

232 3970 272 4015 20.
301 3968 408 4015 Omnibus
435 3966 558 4028 obscuras]
586 3965 698 4014 Heinsius
748 3968 856 4016 adillum
866 3984 958 4016 versum
967 3967 1009 4015 lib.
1019 3967 1051 4016 ii.
1064 3968 1137 4016 1304.

201 4044 333 4107 conjecerat
348 4041 413 4096 olim,
424 4043 549 4102 ‹ibsccnnu
567 4040 586 4088 si
603 4040 698 4090 addice·
774 4039 924 4104 -llavvrixtat
941 4042 1044 4092 ἐλεεινὸν
1053 4039 1165 4106 'impos
1182 4040 1240 4092 ὁδί·

199 4125 251 4166 rcut
263 4117 331 4164 MSS.
348 4114 479 4166 laudarem.
496 4115 537 4165 sed
552 4125 635 4182 postea
644 4130 698 4164 cum
812 4129 894 4179 pom.
1120 4116 1215 4166 Hmssae
