<?xml version="1.0" encoding="UTF-8"?>
<!DOCTYPE html PUBLIC "-//W3C//DTD XHTML 1.0 Transitional//EN"
    "http://www.w3.org/TR/xhtml1/DTD/xhtml1-transitional.dtd">
<html xmlns="http://www.w3.org/1999/xhtml" xml:lang="en" lang="en">
 <head>
  <title>
</title>
<meta http-equiv="Content-Type" content="text/html;charset=utf-8" />
  <meta name='ocr-system' content='tesseract 3.04.00' />
  <meta name='ocr-capabilities' content='ocr_page ocr_carea ocr_par ocr_line ocrx_word'/>
</head>
<body>
  <div class='ocr_page' id='page_1' title='image "./povidiinasoniso01burmgoog_0272.png"; bbox 0 0 2896 4980; ppageno 0'>
   <div class='ocr_carea' id='block_1_1' title="bbox 194 310 954 379">
    <p class='ocr_par' dir='ltr' id='par_1_1' title="bbox 194 310 954 379">
     <span class='ocr_line' id='line_1_1' title="bbox 194 310 954 379; baseline 0 0"><span class='ocrx_word' id='word_1_1' title='bbox 194 313 262 379; x_wconf 74' lang='grc'>264</span> <span class='ocrx_word' id='word_1_2' title='bbox 491 312 532 379; x_wconf 88' lang='grc' dir='ltr'><strong>Ρ.</strong></span> <span class='ocrx_word' id='word_1_3' title='bbox 555 310 717 379; x_wconf 90' lang='lat' dir='ltr'>OVIDII</span> <span class='ocrx_word' id='word_1_4' title='bbox 741 311 954 379; x_wconf 78' lang='lat' dir='ltr'><strong>NASONIS</strong></span> 
     </span>
    </p>
   </div>
   <div class='ocr_carea' id='block_1_2' title="bbox 198 485 1229 1142">
    <p class='ocr_par' dir='ltr' id='par_1_2' title="bbox 199 485 1229 701">
     <span class='ocr_line' id='line_1_2' title="bbox 199 485 1229 586; baseline 0 -26"><span class='ocrx_word' id='word_1_5' title='bbox 199 485 280 561; x_wconf 86' lang='lat' dir='ltr'>Has</span> <span class='ocrx_word' id='word_1_6' title='bbox 297 498 400 563; x_wconf 87' lang='lat' dir='ltr'>certe</span> <span class='ocrx_word' id='word_1_7' title='bbox 417 487 618 585; x_wconf 77' lang='lat' dir='ltr'>pluresque</span> <span class='ocrx_word' id='word_1_8' title='bbox 635 497 788 572; x_wconf 88' lang='lat' dir='ltr'>canunt,</span> <span class='ocrx_word' id='word_1_9' title='bbox 808 486 1001 586; x_wconf 86' lang='lat' dir='ltr'><strong>Neptune,</strong></span> <span class='ocrx_word' id='word_1_10' title='bbox 1019 487 1139 586; x_wconf 77' lang='lat' dir='ltr'>po&#39;etae</span> <span class='ocrx_word' id='word_1_11' title='bbox 1224 568 1229 575; x_wconf 60' lang='grc'><strong>,</strong></span> 
     </span>
     <span class='ocr_line' id='line_1_3' title="bbox 249 601 982 701; baseline 0 -25"><span class='ocrx_word' id='word_1_12' title='bbox 249 601 367 676; x_wconf 91' lang='lat' dir='ltr'>Molle</span> <span class='ocrx_word' id='word_1_13' title='bbox 385 603 482 677; x_wconf 84' lang='lat' dir='ltr'>latus</span> <span class='ocrx_word' id='word_1_14' title='bbox 501 603 607 678; x_wconf 86' lang='lat' dir='ltr'>lateri</span> <span class='ocrx_word' id='word_1_15' title='bbox 625 603 885 701; x_wconf 81' lang='lat' dir='ltr'>composuisse</span> <span class='ocrx_word' id='word_1_16' title='bbox 902 614 982 676; x_wconf 90' lang='lat' dir='ltr'>tuo.</span> 
     </span>
    </p>

    <p class='ocr_par' dir='ltr' id='par_1_3' title="bbox 198 718 1228 910">
     <span class='ocr_line' id='line_1_4' title="bbox 198 718 1030 818; baseline 0 -25"><span class='ocrx_word' id='word_1_17' title='bbox 198 718 278 793; x_wconf 85' lang='lat' dir='ltr'>Cur</span> <span class='ocrx_word' id='word_1_18' title='bbox 294 719 418 816; x_wconf 83' lang='lat' dir='ltr'>igitur,</span> <span class='ocrx_word' id='word_1_19' title='bbox 437 720 550 794; x_wconf 89' lang='lat' dir='ltr'>toties</span> <span class='ocrx_word' id='word_1_20' title='bbox 566 720 664 794; x_wconf 87' lang='lat' dir='ltr'>vires</span> <span class='ocrx_word' id='word_1_21' title='bbox 681 731 862 818; x_wconf 87' lang='lat' dir='ltr'>expertus</span> <span class='ocrx_word' id='word_1_22' title='bbox 880 720 1030 807; x_wconf 86' lang='lat' dir='ltr'>amoris,</span> 
     </span>
     <span class='ocr_line' id='line_1_5' title="bbox 247 834 1228 910; baseline -0.002 -1"><span class='ocrx_word' id='word_1_23' title='bbox 247 834 458 910; x_wconf 83' lang='lat' dir='ltr'>Adsuetum</span> <span class='ocrx_word' id='word_1_24' title='bbox 476 836 584 909; x_wconf 89' lang='lat' dir='ltr'>nobis</span> <span class='ocrx_word' id='word_1_25' title='bbox 601 835 751 909; x_wconf 86' lang='lat' dir='ltr'>turbine</span> <span class='ocrx_word' id='word_1_26' title='bbox 768 835 913 910; x_wconf 89' lang='lat' dir='ltr'>claudis</span> <span class='ocrx_word' id='word_1_27' title='bbox 930 836 1027 910; x_wconf 83' lang='lat' dir='ltr'>iterl</span> <span class='ocrx_word' id='word_1_28' title='bbox 1169 838 1228 908; x_wconf 86' lang='grc'><strong>140</strong></span> 
     </span>
    </p>

    <p class='ocr_par' dir='ltr' id='par_1_4' title="bbox 198 948 1132 1142">
     <span class='ocr_line' id='line_1_6' title="bbox 198 948 1132 1052; baseline 0.001 -28"><span class='ocrx_word' id='word_1_29' title='bbox 198 948 318 1025; x_wconf 81' lang='lat' dir='ltr'>Parce</span> <span class='ocrx_word' id='word_1_30' title='bbox 334 950 462 1039; x_wconf 87' lang='lat' dir='ltr'>lerox;</span> <span class='ocrx_word' id='word_1_31' title='bbox 491 951 644 1048; x_wconf 85' lang='lat' dir='ltr'>latoque</span> <span class='ocrx_word' id='word_1_32' title='bbox 662 951 754 1025; x_wconf 88' lang='lat' dir='ltr'>mari</span> <span class='ocrx_word' id='word_1_33' title='bbox 771 961 838 1026; x_wconf 84' lang='lat' dir='ltr'>tus</span> <span class='ocrx_word' id='word_1_34' title='bbox 853 953 986 1052; x_wconf 85' lang='lat' dir='ltr'>proelia</span> <span class='ocrx_word' id='word_1_35' title='bbox 1002 952 1132 1027; x_wconf 89' lang='lat' dir='ltr'>misce.</span> 
     </span>
     <span class='ocr_line' id='line_1_7' title="bbox 249 1066 1026 1142; baseline 0.004 -3"><span class='ocrx_word' id='word_1_36' title='bbox 249 1066 407 1140; x_wconf 88' lang='lat' dir='ltr'>Seducit</span> <span class='ocrx_word' id='word_1_37' title='bbox 423 1078 541 1140; x_wconf 88' lang='lat' dir='ltr'>terras</span> <span class='ocrx_word' id='word_1_38' title='bbox 558 1066 640 1140; x_wconf 85' lang='lat' dir='ltr'>haec</span> <span class='ocrx_word' id='word_1_39' title='bbox 658 1067 781 1142; x_wconf 85' lang='lat' dir='ltr'>brevis</span> <span class='ocrx_word' id='word_1_40' title='bbox 799 1069 901 1142; x_wconf 91' lang='lat' dir='ltr'>unda</span> <span class='ocrx_word' id='word_1_41' title='bbox 918 1069 1026 1142; x_wconf 76' lang='lat' dir='ltr'>duae.</span> 
     </span>
    </p>
   </div>
   <div class='ocr_carea' id='block_1_3' title="bbox 99 1180 1237 2331">
    <p class='ocr_par' dir='ltr' id='par_1_5' title="bbox 197 1180 1174 1376">
     <span class='ocr_line' id='line_1_8' title="bbox 197 1180 1174 1281; baseline 0.004 -26"><span class='ocrx_word' id='word_1_42' title='bbox 197 1180 253 1255; x_wconf 86' lang='lat' dir='ltr'>Te</span> <span class='ocrx_word' id='word_1_43' title='bbox 269 1182 381 1257; x_wconf 90' lang='lat' dir='ltr'>decet</span> <span class='ocrx_word' id='word_1_44' title='bbox 398 1192 464 1257; x_wconf 86' lang='lat' dir='ltr'>sut</span> <span class='ocrx_word' id='word_1_45' title='bbox 479 1204 635 1277; x_wconf 83' lang='lat' dir='ltr'>magnas</span> <span class='ocrx_word' id='word_1_46' title='bbox 655 1207 833 1280; x_wconf 85' lang='lat' dir='ltr'>magnum</span> <span class='ocrx_word' id='word_1_47' title='bbox 846 1186 990 1281; x_wconf 87' lang='lat' dir='ltr'>jactare</span> <span class='ocrx_word' id='word_1_48' title='bbox 1007 1185 1174 1272; x_wconf 80' lang='lat' dir='ltr'>carinas3</span> 
     </span>
     <span class='ocr_line' id='line_1_9' title="bbox 247 1299 1045 1376; baseline 0.005 -5"><span class='ocrx_word' id='word_1_49' title='bbox 247 1299 327 1372; x_wconf 88' lang='lat' dir='ltr'>Aut</span> <span class='ocrx_word' id='word_1_50' title='bbox 343 1299 457 1373; x_wconf 85' lang='lat' dir='ltr'>etiam</span> <span class='ocrx_word' id='word_1_51' title='bbox 474 1299 563 1373; x_wconf 88' lang='lat' dir='ltr'>totis</span> <span class='ocrx_word' id='word_1_52' title='bbox 581 1299 766 1374; x_wconf 87' lang='lat' dir='ltr'>classibus</span> <span class='ocrx_word' id='word_1_53' title='bbox 783 1325 868 1375; x_wconf 88' lang='lat' dir='ltr'>esse</span> <span class='ocrx_word' id='word_1_54' title='bbox 884 1311 1045 1376; x_wconf 85' lang='lat' dir='ltr'>trucem.</span> 
     </span>
    </p>

    <p class='ocr_par' dir='ltr' id='par_1_6' title="bbox 198 1414 1232 1631">
     <span class='ocr_line' id='line_1_10' title="bbox 198 1414 1232 1515; baseline -0.002 -26"><span class='ocrx_word' id='word_1_55' title='bbox 198 1414 323 1515; x_wconf 88' lang='lat' dir='ltr'>Turpe</span> <span class='ocrx_word' id='word_1_56' title='bbox 335 1414 418 1491; x_wconf 91' lang='lat' dir='ltr'>Deo</span> <span class='ocrx_word' id='word_1_57' title='bbox 429 1416 567 1514; x_wconf 84' lang='lat' dir='ltr'>pelagi,</span> <span class='ocrx_word' id='word_1_58' title='bbox 578 1417 757 1512; x_wconf 89' lang='lat' dir='ltr'>juvenem</span> <span class='ocrx_word' id='word_1_59' title='bbox 775 1427 914 1491; x_wconf 88' lang='lat' dir='ltr'>terrere</span> <span class='ocrx_word' id='word_1_60' title='bbox 931 1427 1145 1491; x_wconf 79' lang='lat' dir='ltr'>natantem:</span> <span class='ocrx_word' id='word_1_61' title='bbox 1174 1416 1232 1489; x_wconf 83' lang='grc'><strong>145</strong></span> 
     </span>
     <span class='ocr_line' id='line_1_11' title="bbox 250 1533 1112 1631; baseline 0.003 -25"><span class='ocrx_word' id='word_1_62' title='bbox 250 1533 455 1630; x_wconf 83' lang='lat' dir='ltr'>Gloriaque</span> <span class='ocrx_word' id='word_1_63' title='bbox 472 1545 532 1608; x_wconf 91' lang='lat' dir='ltr'>est</span> <span class='ocrx_word' id='word_1_64' title='bbox 548 1545 682 1631; x_wconf 85' lang='lat' dir='ltr'>stagno</span> <span class='ocrx_word' id='word_1_65' title='bbox 701 1533 872 1631; x_wconf 89' lang='lat' dir='ltr'>quolibet</span> <span class='ocrx_word' id='word_1_66' title='bbox 888 1535 962 1608; x_wconf 85' lang='lat' dir='ltr'>ista</span> <span class='ocrx_word' id='word_1_67' title='bbox 978 1534 1112 1609; x_wconf 89' lang='lat' dir='ltr'>minor.</span> 
     </span>
    </p>

    <p class='ocr_par' dir='ltr' id='par_1_7' title="bbox 201 1648 1235 1865">
     <span class='ocr_line' id='line_1_12' title="bbox 201 1648 1235 1749; baseline 0.001 -28"><span class='ocrx_word' id='word_1_68' title='bbox 201 1648 349 1722; x_wconf 87' lang='lat' dir='ltr'>Nobilis</span> <span class='ocrx_word' id='word_1_69' title='bbox 367 1652 428 1724; x_wconf 92' lang='lat' dir='ltr'>ille</span> <span class='ocrx_word' id='word_1_70' title='bbox 443 1652 597 1749; x_wconf 88' lang='lat' dir='ltr'>quidem</span> <span class='ocrx_word' id='word_1_71' title='bbox 616 1663 686 1739; x_wconf 90' lang='lat' dir='ltr'>est,</span> <span class='ocrx_word' id='word_1_72' title='bbox 701 1662 740 1724; x_wconf 90' lang='lat' dir='ltr'>et</span> <span class='ocrx_word' id='word_1_73' title='bbox 755 1650 878 1723; x_wconf 89' lang='lat' dir='ltr'>clarus</span> <span class='ocrx_word' id='word_1_74' title='bbox 892 1651 1057 1747; x_wconf 85' lang='lat' dir='ltr'>origine:</span> <span class='ocrx_word' id='word_1_75' title='bbox 1086 1648 1154 1723; x_wconf 83' lang='lat' dir='ltr'>sed</span> <span class='ocrx_word' id='word_1_76' title='bbox 1170 1671 1235 1723; x_wconf 88' lang='lat' dir='ltr'>non</span> 
     </span>
     <span class='ocr_line' id='line_1_13' title="bbox 250 1765 973 1865; baseline 0.003 -28"><span class='ocrx_word' id='word_1_77' title='bbox 250 1766 284 1837; x_wconf 87' lang='lat' dir='ltr'><strong>A</strong></span> <span class='ocrx_word' id='word_1_78' title='bbox 303 1766 372 1839; x_wconf 92' lang='lat' dir='ltr'>tibi</span> <span class='ocrx_word' id='word_1_79' title='bbox 389 1778 566 1865; x_wconf 87' lang='lat' dir='ltr'>suspecto</span> <span class='ocrx_word' id='word_1_80' title='bbox 583 1767 689 1841; x_wconf 92' lang='lat' dir='ltr'>ducit</span> <span class='ocrx_word' id='word_1_81' title='bbox 709 1765 822 1839; x_wconf 89' lang='lat' dir='ltr'>Ulixe</span> <span class='ocrx_word' id='word_1_82' title='bbox 840 1791 973 1863; x_wconf 88' lang='lat' dir='ltr'>genus.</span> 
     </span>
    </p>

    <p class='ocr_par' dir='ltr' id='par_1_8' title="bbox 201 1880 1237 2103">
     <span class='ocr_line' id='line_1_14' title="bbox 201 1880 1228 1981; baseline -0.001 -27"><span class='ocrx_word' id='word_1_83' title='bbox 201 1880 263 1955; x_wconf 87' lang='lat' dir='ltr'>Da</span> <span class='ocrx_word' id='word_1_84' title='bbox 280 1882 440 1969; x_wconf 89' lang='lat' dir='ltr'>veniam,</span> <span class='ocrx_word' id='word_1_85' title='bbox 459 1907 643 1981; x_wconf 89' lang='lat' dir='ltr'>servaque</span> <span class='ocrx_word' id='word_1_86' title='bbox 660 1884 768 1956; x_wconf 91' lang='lat' dir='ltr'>duos.</span> <span class='ocrx_word' id='word_1_87' title='bbox 797 1892 901 1956; x_wconf 88' lang='lat' dir='ltr'>natat</span> <span class='ocrx_word' id='word_1_88' title='bbox 919 1881 1002 1956; x_wconf 88' lang='lat' dir='ltr'>ille:</span> <span class='ocrx_word' id='word_1_89' title='bbox 1031 1881 1101 1956; x_wconf 88' lang='lat' dir='ltr'>sed</span> <span class='ocrx_word' id='word_1_90' title='bbox 1117 1880 1228 1955; x_wconf 82' lang='lat' dir='ltr'>isdem</span> 
     </span>
     <span class='ocr_line' id='line_1_15' title="bbox 252 1996 1237 2103; baseline -0.004 -31"><span class='ocrx_word' id='word_1_91' title='bbox 252 1998 401 2097; x_wconf 87' lang='lat' dir='ltr'>Corpus</span> <span class='ocrx_word' id='word_1_92' title='bbox 421 1996 593 2086; x_wconf 84' lang='lat' dir='ltr'>Leandri,</span> <span class='ocrx_word' id='word_1_93' title='bbox 613 2023 701 2103; x_wconf 80' lang='lat' dir='ltr'>spes</span> <span class='ocrx_word' id='word_1_94' title='bbox 720 2021 815 2084; x_wconf 87' lang='lat' dir='ltr'>mea,</span> <span class='ocrx_word' id='word_1_95' title='bbox 835 1998 979 2096; x_wconf 90' lang='lat' dir='ltr'>pendet</span> <span class='ocrx_word' id='word_1_96' title='bbox 994 1998 1117 2095; x_wconf 89' lang='lat' dir='ltr'>aquis.</span> <span class='ocrx_word' id='word_1_97' title='bbox 1175 1998 1237 2069; x_wconf 80' lang='grc'><strong>150</strong></span> 
     </span>
    </p>

    <p class='ocr_par' dir='ltr' id='par_1_9' title="bbox 99 2112 1193 2215">
     <span class='ocr_line' id='line_1_16' title="bbox 99 2112 1193 2215; baseline 0.003 -30"><span class='ocrx_word' id='word_1_98' title='bbox 99 2168 109 2185; x_wconf 91' lang='grc'><strong>.</strong></span> <span class='ocrx_word' id='word_1_99' title='bbox 202 2114 372 2189; x_wconf 90' lang='lat' dir='ltr'>Sternuit</span> <span class='ocrx_word' id='word_1_100' title='bbox 388 2115 591 2189; x_wconf 89' lang='lat' dir='ltr'>etlumen:</span> <span class='ocrx_word' id='word_1_101' title='bbox 621 2115 761 2215; x_wconf 87' lang='lat' dir='ltr'>(posito</span> <span class='ocrx_word' id='word_1_102' title='bbox 779 2139 866 2188; x_wconf 88' lang='lat' dir='ltr'>nam</span> <span class='ocrx_word' id='word_1_103' title='bbox 884 2114 1085 2189; x_wconf 87' lang='lat' dir='ltr'>scribimus</span> <span class='ocrx_word' id='word_1_104' title='bbox 1102 2112 1193 2209; x_wconf 91' lang='lat' dir='ltr'>illo.)</span> 
     </span>
    </p>

    <p class='ocr_par' dir='ltr' id='par_1_10' title="bbox 253 2232 1095 2331">
     <span class='ocr_line' id='line_1_17' title="bbox 253 2232 1095 2331; baseline -0.002 -26"><span class='ocrx_word' id='word_1_105' title='bbox 253 2232 443 2319; x_wconf 84' lang='lat' dir='ltr'>Sternuit3</span> <span class='ocrx_word' id='word_1_106' title='bbox 472 2243 511 2305; x_wconf 91' lang='lat' dir='ltr'>et</span> <span class='ocrx_word' id='word_1_107' title='bbox 528 2233 635 2307; x_wconf 91' lang='lat' dir='ltr'>nobis</span> <span class='ocrx_word' id='word_1_108' title='bbox 653 2256 834 2331; x_wconf 90' lang='lat' dir='ltr'>prospera</span> <span class='ocrx_word' id='word_1_109' title='bbox 851 2234 959 2329; x_wconf 85' lang='lat' dir='ltr'>signa</span> <span class='ocrx_word' id='word_1_110' title='bbox 977 2232 1095 2306; x_wconf 85' lang='lat' dir='ltr'>dedit.</span> 
     </span>
    </p>
   </div>
   <div class='ocr_carea' id='block_1_4' title="bbox 199 2432 1253 4138">
    <p class='ocr_par' dir='ltr' id='par_1_11' title="bbox 199 2432 1253 4138">
     <span class='ocr_line' id='line_1_18' title="bbox 200 2432 1239 2502; baseline -0.005 -16"><span class='ocrx_word' id='word_1_111' title='bbox 200 2435 699 2502; x_wconf 76' lang='lat' dir='ltr'>msigstionisinitiumortusuoostendere</span> <span class='ocrx_word' id='word_1_112' title='bbox 785 2435 840 2482; x_wconf 84' lang='grc'><strong>148.</strong></span> <span class='ocrx_word' id='word_1_113' title='bbox 866 2434 939 2481; x_wconf 79' lang='lat' dir='ltr'>Ducit</span> <span class='ocrx_word' id='word_1_114' title='bbox 959 2432 1027 2482; x_wconf 83' lang='lat' dir='ltr'>Uliss</span> <span class='ocrx_word' id='word_1_115' title='bbox 1043 2432 1140 2498; x_wconf 67' lang='lat' dir='ltr'>gestus]</span> <span class='ocrx_word' id='word_1_116' title='bbox 1167 2432 1239 2491; x_wconf 81' lang='lat' dir='ltr'>Qsim</span> 
     </span>
     <span class='ocr_line' id='line_1_19' title="bbox 199 2507 1239 2577; baseline -0.004 -16"><span class='ocrx_word' id='word_1_117' title='bbox 199 2511 268 2561; x_wconf 87' lang='lat' dir='ltr'>solet.</span> <span class='ocrx_word' id='word_1_118' title='bbox 286 2512 338 2563; x_wconf 81' lang='lat' dir='ltr'>Has</span> <span class='ocrx_word' id='word_1_119' title='bbox 347 2510 426 2561; x_wconf 72' lang='lat' dir='ltr'>latini</span> <span class='ocrx_word' id='word_1_120' title='bbox 437 2510 562 2577; x_wconf 74' lang='lat' dir='ltr'>appellant</span> <span class='ocrx_word' id='word_1_121' title='bbox 569 2512 699 2577; x_wconf 80' lang='lat' dir='ltr'>Vergilias.</span> <span class='ocrx_word' id='word_1_122' title='bbox 749 2510 830 2559; x_wconf 88' lang='lat' dir='ltr'>multis</span> <span class='ocrx_word' id='word_1_123' title='bbox 847 2525 860 2558; x_wconf 87' lang='lat' dir='ltr'>e</span> <span class='ocrx_word' id='word_1_124' title='bbox 877 2508 945 2565; x_wconf 87' lang='lat' dir='ltr'>locis,</span> <span class='ocrx_word' id='word_1_125' title='bbox 962 2509 986 2557; x_wconf 87' lang='lat' dir='ltr'>in</span> <span class='ocrx_word' id='word_1_126' title='bbox 1005 2508 1057 2575; x_wconf 86' lang='lat' dir='ltr'>ipss</span> <span class='ocrx_word' id='word_1_127' title='bbox 1073 2507 1119 2558; x_wconf 79' lang='lat' dir='ltr'>lise</span> <span class='ocrx_word' id='word_1_128' title='bbox 1135 2508 1239 2575; x_wconf 77' lang='lat' dir='ltr'>Epistola.</span> 
     </span>
     <span class='ocr_line' id='line_1_20' title="bbox 235 2582 1240 2651; baseline -0.002 -16"><span class='ocrx_word' id='word_1_129' title='bbox 235 2588 291 2636; x_wconf 88' lang='grc'><strong>140.</strong></span> <span class='ocrx_word' id='word_1_130' title='bbox 317 2585 417 2635; x_wconf 75' lang='lat' dir='ltr'>Turbine</span> <span class='ocrx_word' id='word_1_131' title='bbox 435 2587 523 2635; x_wconf 79' lang='lat' dir='ltr'>claudis</span> <span class='ocrx_word' id='word_1_132' title='bbox 542 2588 611 2651; x_wconf 66' lang='lat' dir='ltr'>iton]</span> <span class='ocrx_word' id='word_1_133' title='bbox 640 2586 699 2635; x_wconf 80' lang='lat' dir='ltr'>Tur·</span> <span class='ocrx_word' id='word_1_134' title='bbox 749 2594 800 2632; x_wconf 89' lang='lat' dir='ltr'>tum</span> <span class='ocrx_word' id='word_1_135' title='bbox 815 2600 845 2633; x_wconf 86' lang='lat' dir='ltr'>ex</span> <span class='ocrx_word' id='word_1_136' title='bbox 862 2584 906 2632; x_wconf 87' lang='lat' dir='ltr'>hac</span> <span class='ocrx_word' id='word_1_137' title='bbox 924 2583 1073 2649; x_wconf 88' lang='lat' dir='ltr'>potissimum</span> <span class='ocrx_word' id='word_1_138' title='bbox 1090 2582 1168 2633; x_wconf 78' lang='lat' dir='ltr'>Ulixis</span> <span class='ocrx_word' id='word_1_139' title='bbox 1181 2598 1240 2633; x_wconf 79' lang='lat' dir='ltr'>mes·</span> 
     </span>
     <span class='ocr_line' id='line_1_21' title="bbox 200 2657 1237 2725; baseline -0.004 -14"><span class='ocrx_word' id='word_1_140' title='bbox 200 2661 308 2711; x_wconf 75' lang='lat' dir='ltr'>lidsduo</span> <span class='ocrx_word' id='word_1_141' title='bbox 318 2659 408 2725; x_wconf 89' lang='lat' dir='ltr'>scripti.</span> <span class='ocrx_word' id='word_1_142' title='bbox 440 2659 588 2709; x_wconf 88' lang='lat' dir='ltr'>Sedrectum</span> <span class='ocrx_word' id='word_1_143' title='bbox 600 2669 698 2710; x_wconf 83' lang='lat' dir='ltr'>esttur-</span> <span class='ocrx_word' id='word_1_144' title='bbox 749 2659 822 2715; x_wconf 91' lang='lat' dir='ltr'>tione,</span> <span class='ocrx_word' id='word_1_145' title='bbox 832 2667 898 2724; x_wconf 84' lang='lat' dir='ltr'>patet</span> <span class='ocrx_word' id='word_1_146' title='bbox 915 2659 980 2707; x_wconf 88' lang='lat' dir='ltr'>Hero</span> <span class='ocrx_word' id='word_1_147' title='bbox 993 2657 1185 2723; x_wconf 60' lang='lat' dir='ltr'>lemurumque,</span> <span class='ocrx_word' id='word_1_148' title='bbox 1193 2672 1237 2723; x_wconf 82' lang='lat' dir='ltr'>opt</span> 
     </span>
     <span class='ocr_line' id='line_1_22' title="bbox 199 2730 1241 2799; baseline -0.002 -14"><span class='ocrx_word' id='word_1_149' title='bbox 199 2738 264 2785; x_wconf 71' lang='grc'><strong>411111</strong></span> <span class='ocrx_word' id='word_1_150' title='bbox 288 2736 309 2785; x_wconf 92' lang='lat' dir='ltr'>si</span> <span class='ocrx_word' id='word_1_151' title='bbox 330 2735 394 2785; x_wconf 87' lang='lat' dir='ltr'>enim</span> <span class='ocrx_word' id='word_1_152' title='bbox 416 2745 543 2797; x_wconf 80' lang='lat' dir='ltr'>tempestate</span> <span class='ocrx_word' id='word_1_153' title='bbox 561 2737 701 2799; x_wconf 73' lang='lat' dir='ltr'>precludere</span> <span class='ocrx_word' id='word_1_154' title='bbox 751 2734 819 2782; x_wconf 89' lang='lat' dir='ltr'>nione</span> <span class='ocrx_word' id='word_1_155' title='bbox 835 2742 898 2782; x_wconf 84' lang='lat' dir='ltr'>certe</span> <span class='ocrx_word' id='word_1_156' title='bbox 909 2732 1000 2789; x_wconf 87' lang='lat' dir='ltr'>Ovidii,</span> <span class='ocrx_word' id='word_1_157' title='bbox 1015 2732 1124 2798; x_wconf 77' lang='lat' dir='ltr'>Trojsnis</span> <span class='ocrx_word' id='word_1_158' title='bbox 1139 2730 1241 2799; x_wconf 75' lang='lat' dir='ltr'>tempori·</span> 
     </span>
     <span class='ocr_line' id='line_1_23' title="bbox 199 2807 1241 2876; baseline -0.003 -17"><span class='ocrx_word' id='word_1_159' title='bbox 199 2814 274 2861; x_wconf 76' lang='lat' dir='ltr'>noris</span> <span class='ocrx_word' id='word_1_160' title='bbox 293 2811 396 2876; x_wconf 91' lang='lat' dir='ltr'>potuerit</span> <span class='ocrx_word' id='word_1_161' title='bbox 417 2807 504 2857; x_wconf 84' lang='lat' dir='ltr'>dixisse</span> <span class='ocrx_word' id='word_1_162' title='bbox 523 2809 605 2858; x_wconf 81' lang='lat' dir='ltr'>Florus</span> <span class='ocrx_word' id='word_1_163' title='bbox 623 2808 656 2858; x_wconf 91' lang='lat' dir='ltr'>iii.</span> <span class='ocrx_word' id='word_1_164' title='bbox 673 2812 699 2859; x_wconf 86' lang='lat'>6.</span> <span class='ocrx_word' id='word_1_165' title='bbox 750 2807 795 2856; x_wconf 88' lang='lat' dir='ltr'>bus</span> <span class='ocrx_word' id='word_1_166' title='bbox 804 2807 874 2872; x_wconf 83' lang='lat' dir='ltr'>longe</span> <span class='ocrx_word' id='word_1_167' title='bbox 885 2807 1025 2857; x_wconf 85' lang='lat' dir='ltr'>recentiores</span> <span class='ocrx_word' id='word_1_168' title='bbox 1040 2807 1166 2857; x_wconf 79' lang='lat' dir='ltr'>exstitisse.</span> <span class='ocrx_word' id='word_1_169' title='bbox 1195 2808 1241 2856; x_wconf 81' lang='lat' dir='ltr'>Sts·</span> 
     </span>
     <span class='ocr_line' id='line_1_24' title="bbox 200 2880 1241 2948; baseline -0.004 -13"><span class='ocrx_word' id='word_1_170' title='bbox 200 2902 242 2935; x_wconf 84' lang='lat' dir='ltr'>eur</span> <span class='ocrx_word' id='word_1_171' title='bbox 263 2901 309 2935; x_wconf 86' lang='lat' dir='ltr'>non</span> <span class='ocrx_word' id='word_1_172' title='bbox 329 2884 374 2932; x_wconf 89' lang='lat' dir='ltr'>iter</span> <span class='ocrx_word' id='word_1_173' title='bbox 394 2883 467 2948; x_wconf 83' lang='lat' dir='ltr'>possit</span> <span class='ocrx_word' id='word_1_174' title='bbox 488 2883 582 2932; x_wconf 88' lang='lat' dir='ltr'>turbine</span> <span class='ocrx_word' id='word_1_175' title='bbox 603 2883 700 2932; x_wconf 80' lang='lat' dir='ltr'>claudit</span> <span class='ocrx_word' id='word_1_176' title='bbox 750 2881 797 2930; x_wconf 91' lang='lat' dir='ltr'>tius</span> <span class='ocrx_word' id='word_1_177' title='bbox 811 2891 890 2932; x_wconf 81' lang='lat' dir='ltr'>temen</span> <span class='ocrx_word' id='word_1_178' title='bbox 905 2882 1020 2931; x_wconf 72' lang='lat' dir='ltr'>Thebano</span> <span class='ocrx_word' id='word_1_179' title='bbox 1038 2882 1102 2932; x_wconf 87' lang='lat' dir='ltr'>bello</span> <span class='ocrx_word' id='word_1_180' title='bbox 1117 2882 1174 2932; x_wconf 74' lang='lat' dir='ltr'>facit</span> <span class='ocrx_word' id='word_1_181' title='bbox 1188 2880 1241 2931; x_wconf 83' lang='lat' dir='ltr'>suti·</span> 
     </span>
     <span class='ocr_line' id='line_1_25' title="bbox 202 2955 1242 3024; baseline -0.004 -15"><span class='ocrx_word' id='word_1_182' title='bbox 202 2959 368 3009; x_wconf 79' lang='lat' dir='ltr'>Turbosutem</span> <span class='ocrx_word' id='word_1_183' title='bbox 380 2956 461 3007; x_wconf 67' lang='lat' dir='ltr'>Poetis</span> <span class='ocrx_word' id='word_1_184' title='bbox 471 2973 516 3006; x_wconf 82' lang='lat' dir='ltr'>vos</span> <span class='ocrx_word' id='word_1_185' title='bbox 527 2956 648 3006; x_wconf 78' lang='lat' dir='ltr'>familiaris</span> <span class='ocrx_word' id='word_1_186' title='bbox 658 2975 700 3024; x_wconf 90' lang='lat' dir='ltr'>pro</span> <span class='ocrx_word' id='word_1_187' title='bbox 750 2956 852 3021; x_wconf 76' lang='lat' dir='ltr'>quiores,</span> <span class='ocrx_word' id='word_1_188' title='bbox 869 2972 943 3021; x_wconf 90' lang='lat' dir='ltr'>quum</span> <span class='ocrx_word' id='word_1_189' title='bbox 959 2955 1053 3006; x_wconf 85' lang='lat' dir='ltr'>illorum</span> <span class='ocrx_word' id='word_1_190' title='bbox 1069 2955 1242 3014; x_wconf 73' lang='lat' dir='ltr'>memineritis</span> 
     </span>
     <span class='ocr_line' id='line_1_26' title="bbox 199 3029 1241 3100; baseline 0.001 -19"><span class='ocrx_word' id='word_1_191' title='bbox 199 3033 311 3100; x_wconf 75' lang='lat' dir='ltr'>procella.</span> <span class='ocrx_word' id='word_1_192' title='bbox 329 3033 416 3081; x_wconf 87' lang='lat' dir='ltr'>Busu.</span> <span class='ocrx_word' id='word_1_193' title='bbox 750 3030 833 3095; x_wconf 86' lang='lat' dir='ltr'>pallio,</span> <span class='ocrx_word' id='word_1_194' title='bbox 860 3046 907 3096; x_wconf 91' lang='lat' dir='ltr'>quo</span> <span class='ocrx_word' id='word_1_195' title='bbox 933 3029 1033 3080; x_wconf 80' lang='lat' dir='ltr'>donatur</span> <span class='ocrx_word' id='word_1_196' title='bbox 1054 3030 1157 3081; x_wconf 79' lang='lat' dir='ltr'>Admete</span> <span class='ocrx_word' id='word_1_197' title='bbox 1177 3030 1241 3081; x_wconf 57' lang='lat' dir='ltr'>siem</span> 
     </span>
     <span class='ocr_line' id='line_1_27' title="bbox 235 3104 1241 3168; baseline -0.001 -12"><span class='ocrx_word' id='word_1_198' title='bbox 235 3110 291 3156; x_wconf 86' lang='grc'><strong>141.</strong></span> <span class='ocrx_word' id='word_1_199' title='bbox 310 3106 361 3154; x_wconf 81' lang='lat' dir='ltr'>Tun</span> <span class='ocrx_word' id='word_1_200' title='bbox 378 3105 481 3168; x_wconf 63' lang='lat' dir='ltr'>prelis]</span> <span class='ocrx_word' id='word_1_201' title='bbox 507 3106 619 3155; x_wconf 79' lang='lat' dir='ltr'>Francius</span> <span class='ocrx_word' id='word_1_202' title='bbox 637 3105 700 3154; x_wconf 88' lang='lat' dir='ltr'>vole·</span> <span class='ocrx_word' id='word_1_203' title='bbox 751 3105 775 3153; x_wconf 87' lang='lat' dir='ltr'>in</span> <span class='ocrx_word' id='word_1_204' title='bbox 786 3105 849 3155; x_wconf 88' lang='lat' dir='ltr'>ludis</span> <span class='ocrx_word' id='word_1_205' title='bbox 861 3105 892 3154; x_wconf 86' lang='lat' dir='ltr'>ad</span> <span class='ocrx_word' id='word_1_206' title='bbox 903 3105 1021 3154; x_wconf 84' lang='lat' dir='ltr'>tumulum</span> <span class='ocrx_word' id='word_1_207' title='bbox 1032 3106 1170 3155; x_wconf 81' lang='lat' dir='ltr'>Archemori</span> <span class='ocrx_word' id='word_1_208' title='bbox 1184 3104 1241 3155; x_wconf 81' lang='lat' dir='ltr'>osle-</span> 
     </span>
     <span class='ocr_line' id='line_1_28' title="bbox 200 3180 1170 3245; baseline 0.001 -15"><span class='ocrx_word' id='word_1_209' title='bbox 200 3181 414 3245; x_wconf 81' lang='lat' dir='ltr'>bst,seraprnlis.</span> <span class='ocrx_word' id='word_1_210' title='bbox 751 3180 833 3229; x_wconf 74' lang='lat' dir='ltr'>brutis.</span> <span class='ocrx_word' id='word_1_211' title='bbox 861 3180 937 3229; x_wconf 84' lang='lat' dir='ltr'>Theb.</span> <span class='ocrx_word' id='word_1_212' title='bbox 949 3180 983 3229; x_wconf 82' lang='lat' dir='ltr'>vi.</span> <span class='ocrx_word' id='word_1_213' title='bbox 994 3183 1052 3230; x_wconf 83' lang='grc'><strong>541.</strong></span> <span class='ocrx_word' id='word_1_214' title='bbox 1079 3181 1170 3233; x_wconf 75' lang='lat' dir='ltr'>Auis.</span> 
     </span>
     <span class='ocr_line' id='line_1_29' title="bbox 237 3253 1243 3321; baseline 0.006 -20"><span class='ocrx_word' id='word_1_215' title='bbox 237 3255 292 3301; x_wconf 80' lang='lat'>142.</span> <span class='ocrx_word' id='word_1_216' title='bbox 309 3254 401 3301; x_wconf 80' lang='lat' dir='ltr'>Seducit</span> <span class='ocrx_word' id='word_1_217' title='bbox 413 3262 485 3300; x_wconf 73' lang='lat' dir='ltr'>tetrus</span> <span class='ocrx_word' id='word_1_218' title='bbox 496 3253 540 3298; x_wconf 71' lang='lat' dir='ltr'>hur</span> <span class='ocrx_word' id='word_1_219' title='bbox 551 3255 622 3301; x_wconf 80' lang='lat' dir='ltr'>breuis</span> <span class='ocrx_word' id='word_1_220' title='bbox 638 3258 701 3302; x_wconf 81' lang='lat' dir='ltr'>sindo</span> <span class='ocrx_word' id='word_1_221' title='bbox 786 3257 842 3305; x_wconf 84' lang='grc'><strong>151.</strong></span> <span class='ocrx_word' id='word_1_222' title='bbox 861 3256 965 3304; x_wconf 77' lang='lat' dir='ltr'>Sternuit</span> <span class='ocrx_word' id='word_1_223' title='bbox 976 3267 998 3305; x_wconf 87' lang='lat' dir='ltr'>et</span> <span class='ocrx_word' id='word_1_224' title='bbox 1010 3258 1097 3312; x_wconf 82' lang='lat' dir='ltr'>lumen,</span> <span class='ocrx_word' id='word_1_225' title='bbox 1109 3257 1169 3321; x_wconf 59' lang='grc' dir='ltr'>δια]</span> <span class='ocrx_word' id='word_1_226' title='bbox 1186 3256 1243 3307; x_wconf 79' lang='lat' dir='ltr'>Stes·</span> 
     </span>
     <span class='ocr_line' id='line_1_30' title="bbox 201 3326 1244 3397; baseline 0.006 -23"><span class='ocrx_word' id='word_1_227' title='bbox 201 3328 280 3391; x_wconf 68' lang='lat' dir='ltr'>dum]</span> <span class='ocrx_word' id='word_1_228' title='bbox 298 3328 394 3392; x_wconf 82' lang='lat' dir='ltr'>Septem</span> <span class='ocrx_word' id='word_1_229' title='bbox 412 3326 496 3383; x_wconf 83' lang='lat' dir='ltr'>studia,</span> <span class='ocrx_word' id='word_1_230' title='bbox 515 3344 568 3390; x_wconf 75' lang='lat' dir='ltr'>que</span> <span class='ocrx_word' id='word_1_231' title='bbox 588 3328 701 3376; x_wconf 88' lang='lat' dir='ltr'>interfluit</span> <span class='ocrx_word' id='word_1_232' title='bbox 752 3330 897 3380; x_wconf 75' lang='lat' dir='ltr'>nutritionem</span> <span class='ocrx_word' id='word_1_233' title='bbox 923 3329 973 3378; x_wconf 86' lang='lat' dir='ltr'>sive</span> <span class='ocrx_word' id='word_1_234' title='bbox 1002 3331 1118 3397; x_wconf 85' lang='lat' dir='ltr'>crepitum</span> <span class='ocrx_word' id='word_1_235' title='bbox 1150 3331 1244 3381; x_wconf 73' lang='lat' dir='ltr'>lucem</span> 
     </span>
     <span class='ocr_line' id='line_1_31' title="bbox 201 3399 1245 3473; baseline 0.006 -24"><span class='ocrx_word' id='word_1_236' title='bbox 201 3401 380 3466; x_wconf 87' lang='lat' dir='ltr'>Hellespontus,</span> <span class='ocrx_word' id='word_1_237' title='bbox 391 3399 491 3464; x_wconf 75' lang='lat' dir='ltr'>Abydus</span> <span class='ocrx_word' id='word_1_238' title='bbox 509 3416 523 3448; x_wconf 85' lang='lat' dir='ltr'>a</span> <span class='ocrx_word' id='word_1_239' title='bbox 538 3402 606 3450; x_wconf 85' lang='lat' dir='ltr'>Sesto</span> <span class='ocrx_word' id='word_1_240' title='bbox 619 3401 700 3451; x_wconf 80' lang='lat' dir='ltr'>distat.</span> <span class='ocrx_word' id='word_1_241' title='bbox 751 3404 854 3454; x_wconf 79' lang='lat' dir='ltr'>faustum</span> <span class='ocrx_word' id='word_1_242' title='bbox 869 3405 893 3453; x_wconf 93' lang='lat' dir='ltr'>in</span> <span class='ocrx_word' id='word_1_243' title='bbox 910 3404 1030 3453; x_wconf 83' lang='lat' dir='ltr'>amoribus</span> <span class='ocrx_word' id='word_1_244' title='bbox 1040 3422 1111 3456; x_wconf 88' lang='lat' dir='ltr'>omen</span> <span class='ocrx_word' id='word_1_245' title='bbox 1125 3403 1245 3473; x_wconf 71' lang='lat' dir='ltr'>prebuisse</span> 
     </span>
     <span class='ocr_line' id='line_1_32' title="bbox 202 3473 1232 3547; baseline 0.003 -22"><span class='ocrx_word' id='word_1_246' title='bbox 202 3475 294 3525; x_wconf 84' lang='lat' dir='ltr'>Plinius</span> <span class='ocrx_word' id='word_1_247' title='bbox 303 3473 347 3523; x_wconf 88' lang='lat' dir='ltr'>lib.</span> <span class='ocrx_word' id='word_1_248' title='bbox 358 3475 392 3522; x_wconf 86' lang='lat' dir='ltr'>iv.</span> <span class='ocrx_word' id='word_1_249' title='bbox 404 3490 457 3537; x_wconf 84' lang='lat' dir='ltr'>cap.</span> <span class='ocrx_word' id='word_1_250' title='bbox 468 3474 502 3522; x_wconf 81' lang='lat' dir='ltr'>si.</span> <span class='ocrx_word' id='word_1_251' title='bbox 751 3480 822 3528; x_wconf 82' lang='lat' dir='ltr'>docet</span> <span class='ocrx_word' id='word_1_252' title='bbox 832 3480 930 3528; x_wconf 81' lang='lat' dir='ltr'>Anthol.</span> <span class='ocrx_word' id='word_1_253' title='bbox 943 3480 1025 3529; x_wconf 84' lang='lat' dir='ltr'>Graec.</span> <span class='ocrx_word' id='word_1_254' title='bbox 1037 3480 1079 3531; x_wconf 88' lang='lat' dir='ltr'>vii.</span> <span class='ocrx_word' id='word_1_255' title='bbox 1088 3481 1170 3547; x_wconf 76' lang='lat' dir='ltr'>Epigr.</span> <span class='ocrx_word' id='word_1_256' title='bbox 1182 3480 1232 3530; x_wconf 84' lang='grc'><strong>177.</strong></span> 
     </span>
     <span class='ocr_line' id='line_1_33' title="bbox 237 3548 1245 3622; baseline 0.006 -24"><span class='ocrx_word' id='word_1_257' title='bbox 237 3551 293 3598; x_wconf 84' lang='grc'><strong>148.</strong></span> <span class='ocrx_word' id='word_1_258' title='bbox 312 3551 332 3597; x_wconf 85' lang='grc' dir='ltr'><em>Α</em></span> <span class='ocrx_word' id='word_1_259' title='bbox 346 3552 387 3597; x_wconf 83' lang='lat' dir='ltr'>tibi</span> <span class='ocrx_word' id='word_1_260' title='bbox 397 3548 517 3612; x_wconf 71' lang='lat' dir='ltr'>suspectu]</span> <span class='ocrx_word' id='word_1_261' title='bbox 533 3548 700 3613; x_wconf 54' lang='grc'><strong>1111111111-</strong></span> <span class='ocrx_word' id='word_1_262' title='bbox 780 3551 854 3615; x_wconf 69' lang='grc' dir='ltr'>Ἤδη,</span> <span class='ocrx_word' id='word_1_263' title='bbox 865 3555 966 3618; x_wconf 77' lang='grc' dir='ltr'>φίλτατε</span> <span class='ocrx_word' id='word_1_264' title='bbox 974 3554 1064 3619; x_wconf 77' lang='grc' dir='ltr'><strong>λύχνε,</strong></span> <span class='ocrx_word' id='word_1_265' title='bbox 1076 3557 1131 3621; x_wconf 72' lang='grc' dir='ltr'>φὶς</span> <span class='ocrx_word' id='word_1_266' title='bbox 1139 3556 1245 3622; x_wconf 67' lang='lat' dir='ltr'>irrupt·</span> 
     </span>
     <span class='ocr_line' id='line_1_34' title="bbox 201 3623 1033 3693; baseline 0.005 -18"><span class='ocrx_word' id='word_1_267' title='bbox 201 3640 267 3675; x_wconf 79' lang='lat' dir='ltr'>mum</span> <span class='ocrx_word' id='word_1_268' title='bbox 277 3623 402 3673; x_wconf 78' lang='lat' dir='ltr'>reserenda</span> <span class='ocrx_word' id='word_1_269' title='bbox 410 3632 465 3671; x_wconf 91' lang='lat' dir='ltr'>sunt</span> <span class='ocrx_word' id='word_1_270' title='bbox 476 3623 536 3680; x_wconf 75' lang='lat' dir='ltr'>hec,</span> <span class='ocrx_word' id='word_1_271' title='bbox 548 3624 617 3689; x_wconf 87' lang='lat' dir='ltr'>cujus</span> <span class='ocrx_word' id='word_1_272' title='bbox 626 3623 703 3688; x_wconf 81' lang='lat' dir='ltr'>gratia</span> <span class='ocrx_word' id='word_1_273' title='bbox 817 3626 832 3688; x_wconf 81' lang='grc' dir='ltr'><em>ἦ</em></span> <span class='ocrx_word' id='word_1_274' title='bbox 843 3627 910 3692; x_wconf 76' lang='grc' dir='ltr'>τάχα</span> <span class='ocrx_word' id='word_1_275' title='bbox 920 3630 1033 3693; x_wconf 75' lang='grc' dir='ltr'><strong><em>τερπνὴν</em></strong></span> 
     </span>
     <span class='ocr_line' id='line_1_35' title="bbox 202 3697 1248 3768; baseline 0.003 -19"><span class='ocrx_word' id='word_1_276' title='bbox 202 3701 331 3767; x_wconf 84' lang='lat' dir='ltr'>Neptunus</span> <span class='ocrx_word' id='word_1_277' title='bbox 344 3697 425 3764; x_wconf 80' lang='lat' dir='ltr'>Ulyssi</span> <span class='ocrx_word' id='word_1_278' title='bbox 442 3698 546 3747; x_wconf 80' lang='lat' dir='ltr'>intensus</span> <span class='ocrx_word' id='word_1_279' title='bbox 561 3707 620 3747; x_wconf 85' lang='lat' dir='ltr'>erat.</span> <span class='ocrx_word' id='word_1_280' title='bbox 653 3699 701 3748; x_wconf 80' lang='lat' dir='ltr'>Ex-</span> <span class='ocrx_word' id='word_1_281' title='bbox 784 3700 1248 3768; x_wconf 71' lang='grc' dir='ltr'>ἘςθαλάμουςῆξεινἈπιγόηνπρο-</span> 
     </span>
     <span class='ocr_line' id='line_1_36' title="bbox 201 3772 912 3842; baseline -0.001 -16"><span class='ocrx_word' id='word_1_282' title='bbox 201 3783 334 3827; x_wconf 76' lang='lat' dir='ltr'>oecsverut</span> <span class='ocrx_word' id='word_1_283' title='bbox 353 3773 416 3823; x_wconf 85' lang='lat' dir='ltr'>enim</span> <span class='ocrx_word' id='word_1_284' title='bbox 437 3772 505 3822; x_wconf 89' lang='lat' dir='ltr'>illum</span> <span class='ocrx_word' id='word_1_285' title='bbox 522 3772 628 3837; x_wconf 84' lang='lat' dir='ltr'>Ulysses,</span> <span class='ocrx_word' id='word_1_286' title='bbox 647 3790 702 3823; x_wconf 91' lang='lat' dir='ltr'>cum</span> <span class='ocrx_word' id='word_1_287' title='bbox 816 3775 912 3842; x_wconf 56' lang='lat' dir='ltr'>lissum</span> 
     </span>
     <span class='ocr_line' id='line_1_37' title="bbox 201 3847 1251 3918; baseline 0.001 -18"><span class='ocrx_word' id='word_1_288' title='bbox 201 3849 381 3918; x_wconf 78' lang='lat' dir='ltr'>exprobratione</span> <span class='ocrx_word' id='word_1_289' title='bbox 401 3865 438 3906; x_wconf 81' lang='lat' dir='ltr'>eu,</span> <span class='ocrx_word' id='word_1_290' title='bbox 460 3856 487 3898; x_wconf 90' lang='lat' dir='ltr'>nt</span> <span class='ocrx_word' id='word_1_291' title='bbox 504 3847 603 3904; x_wconf 84' lang='lat' dir='ltr'>diceret,</span> <span class='ocrx_word' id='word_1_292' title='bbox 625 3865 701 3913; x_wconf 88' lang='lat' dir='ltr'>neque</span> <span class='ocrx_word' id='word_1_293' title='bbox 786 3850 817 3899; x_wconf 82' lang='grc'>111</span> <span class='ocrx_word' id='word_1_294' title='bbox 825 3854 872 3916; x_wconf 78' lang='grc' dir='ltr'>γὰρ</span> <span class='ocrx_word' id='word_1_295' title='bbox 881 3853 946 3907; x_wconf 76' lang='grc' dir='ltr'>ἅναξ</span> <span class='ocrx_word' id='word_1_296' title='bbox 956 3852 993 3912; x_wconf 76' lang='grc' dir='ltr'>εἴη</span> <span class='ocrx_word' id='word_1_297' title='bbox 1003 3849 1052 3901; x_wconf 76' lang='grc' dir='ltr'>τόδ’</span> <span class='ocrx_word' id='word_1_298' title='bbox 1061 3848 1251 3917; x_wconf 69' lang='lat' dir='ltr'>trrirupomloc</span> 
     </span>
     <span class='ocr_line' id='line_1_38' title="bbox 201 3922 957 3990; baseline 0.004 -18"><span class='ocrx_word' id='word_1_299' title='bbox 201 3935 292 3990; x_wconf 81' lang='lat' dir='ltr'>petrem</span> <span class='ocrx_word' id='word_1_300' title='bbox 314 3924 453 3989; x_wconf 87' lang='lat' dir='ltr'>Neptunum</span> <span class='ocrx_word' id='word_1_301' title='bbox 477 3922 645 3972; x_wconf 75' lang='lat' dir='ltr'>auxiliaturum</span> <span class='ocrx_word' id='word_1_302' title='bbox 667 3922 702 3971; x_wconf 91' lang='lat' dir='ltr'>illi</span> <span class='ocrx_word' id='word_1_303' title='bbox 816 3925 957 3981; x_wconf 65' lang='lat' dir='ltr'>’Auillium</span> 
     </span>
     <span class='ocr_line' id='line_1_39' title="bbox 202 3997 1253 4066; baseline 0.001 -18"><span class='ocrx_word' id='word_1_304' title='bbox 202 4016 263 4055; x_wconf 82' lang='lat' dir='ltr'>esse,</span> <span class='ocrx_word' id='word_1_305' title='bbox 276 4009 319 4048; x_wconf 81' lang='lat' dir='ltr'>aut</span> <span class='ocrx_word' id='word_1_306' title='bbox 328 3999 422 4048; x_wconf 90' lang='lat' dir='ltr'>oculum</span> <span class='ocrx_word' id='word_1_307' title='bbox 434 3998 611 4049; x_wconf 86' lang='lat' dir='ltr'>restituturum:</span> <span class='ocrx_word' id='word_1_308' title='bbox 630 4009 656 4047; x_wconf 91' lang='lat' dir='ltr'>ut</span> <span class='ocrx_word' id='word_1_309' title='bbox 667 4007 703 4048; x_wconf 84' lang='lat' dir='ltr'>cst</span> <span class='ocrx_word' id='word_1_310' title='bbox 787 4002 893 4059; x_wconf 77' lang='grc' dir='ltr'>Θνητοῖς</span> <span class='ocrx_word' id='word_1_311' title='bbox 909 3998 998 4063; x_wconf 76' lang='grc' dir='ltr'><strong><em>μάντις</em></strong></span> <span class='ocrx_word' id='word_1_312' title='bbox 1013 4000 1058 4066; x_wconf 69' lang='lat' dir='ltr'>iou</span> <span class='ocrx_word' id='word_1_313' title='bbox 1077 4002 1119 4051; x_wconf 76' lang='lat' dir='ltr'>sui</span> <span class='ocrx_word' id='word_1_314' title='bbox 1135 4003 1167 4050; x_wconf 81' lang='lat' dir='ltr'>sb</span> <span class='ocrx_word' id='word_1_315' title='bbox 1184 3997 1253 4065; x_wconf 68' lang='grc' dir='ltr'>παρὰ</span> 
     </span>
     <span class='ocr_line' id='line_1_40' title="bbox 204 4072 1219 4138; baseline 0.003 -18"><span class='ocrx_word' id='word_1_316' title='bbox 204 4072 229 4122; x_wconf 91' lang='lat' dir='ltr'>in</span> <span class='ocrx_word' id='word_1_317' title='bbox 239 4074 328 4138; x_wconf 80' lang='lat' dir='ltr'>Odyss.</span> <span class='ocrx_word' id='word_1_318' title='bbox 340 4073 435 4123; x_wconf 87' lang='lat' dir='ltr'>llomcri</span> <span class='ocrx_word' id='word_1_319' title='bbox 447 4075 463 4122; x_wconf 94' lang='lat' dir='ltr'>i.</span> <span class='ocrx_word' id='word_1_320' title='bbox 476 4076 533 4123; x_wconf 76' lang='lat'>525.</span> <span class='ocrx_word' id='word_1_321' title='bbox 550 4073 646 4123; x_wconf 75' lang='lat' dir='ltr'>lllrcrs.</span> <span class='ocrx_word' id='word_1_322' title='bbox 820 4072 922 4135; x_wconf 73' lang='lat' dir='ltr'>spinula.</span> <span class='ocrx_word' id='word_1_323' title='bbox 1129 4075 1219 4125; x_wconf 77' lang='lat' dir='ltr'>Auis.</span> 
     </span>
    </p>
   </div>
   <div class='ocr_carea' id='block_1_5' title="bbox 0 0 1457 4980">
    <p class='ocr_par' dir='ltr' id='par_1_12' title="bbox 0 0 1457 4980">
     <span class='ocr_line' id='line_1_41' title="bbox 0 0 1457 4980; baseline 0 0"><span class='ocrx_word' id='word_1_324' title='bbox 0 0 1457 4980; x_wconf 95' lang='lat' dir='ltr'> </span> 
     </span>
    </p>
   </div>
  </div>
 </body>
</html>
