2896 4980
493 416 753 487 HEROIDES.
784 417 856 483 ΕΡ.
878 420 942 486 VI.

203 589 239 662 N
241 615 290 663 on
307 592 387 666 haec
406 591 616 678 AEsonides‚
635 591 702 666 sed
720 589 879 667 Phasias
897 595 1044 674 AEetine
1100 673 1102 678 .

252 705 379 783 Aurea
396 707 583 807 Phryxeae
600 720 708 804 terga
724 709 867 782 revellit
883 712 974 786 ovis.

202 821 239 894 N
241 847 289 897 on
306 825 440 923 probat
450 824 648 899 Alcimede
662 834 781 896 mater
794 835 876 914 tua;
898 831 1051 905 consule
1063 844 1238 912 matrem:

251 938 288 1011 N
290 965 338 1013 on
355 952 473 1038 pater,
493 965 516 1014 a
532 940 655 1036 gelido
673 937 733 1010 cui
749 940 850 1014 venit
867 967 939 1017 axe
956 969 1084 1021 nurus.
1171 955 1240 1026 106

200 1138 238 1187 Sic
250 1141 346 1190 restituo
357 1141 436 1191 inritis
447 1142 525 1190 Codd.
537 1141 609 1205 vulgo
625 1138 697 1188 etiarn
747 1141 868 1190 veterrimo
876 1142 958 1192 codice
968 1144 1090 1196 Puteaneo
1100 1163 1154 1213 pars
1162 1157 1241 1214 poste.

199 1211 342 1263 inomnibus
353 1216 418 1264 Edit.
434 1226 520 1279 patrer.
534 1215 576 1263 sed
590 1214 698 1263 videatur
745 1212 792 1262 rior
810 1213 879 1279 hujus
899 1232 979 1266 versus
997 1216 1022 1266 in
1042 1218 1114 1269 litura
1130 1223 1241 1281 cubabat,

199 1285 350 1351 Apollonius.
368 1300 435 1338 autor
450 1297 529 1338 autem
546 1296 631 1346 noster,
642 1304 697 1337 cunr
747 1288 819 1336 veteri
839 1289 940 1339 lectione
958 1307 1033 1350 erasa,
1050 1295 1118 1360 cujus
1131 1304 1242 1346 mmsne

199 1363 278 1408 oredm
288 1361 355 1419 dicit,
366 1362 397 1410 ad
407 1362 473 1426 vulgi
488 1362 609 1411 leuitatem
624 1361 696 1426 respi—
747 1363 851 1427 uestigiis
862 1372 982 1430 utcunque
996 1362 1118 1432 appareret
1128 1369 1242 1437 scriptum

200 1434 242 1483 cit.
261 1436 350 1486 Hnrus.
377 1434 435 1486 Vid.
448 1436 544 1486 adVal.
552 1437 619 1485 flac.
630 1435 648 1484 i.
656 1437 696 1484 70.
745 1435 901 1501 primosuisse
915 1439 1010 1488 Phasias
1020 1441 1120 1498 AEPtine,
1137 1459 1192 1492 cum
1208 1446 1242 1495 Tb

235 1511 289 1558 103.
308 1512 362 1560 Non
383 1513 427 1560 beo
448 1513 571 1568 AEroniden
588 1515 626 1560 red
638 1513 696 1575 filio
737 1511 796 1572 filia
812 1528 827 1560 a
844 1528 916 1561 manu
931 1515 1036 1564 mcunda
1051 1524 1113 1565 esset
1123 1517 1240 1568 additum.

201 1583 280 1631 Phasis
291 1585 376 1649 ditm]
396 1584 474 1633 Valde
490 1584 632 1649 Naugerius,
644 1583 696 1633 alii-
745 1583 825 1648 Atque
841 1585 902 1634 banc
923 1603 973 1636 esse
991 1587 1118 1651 genuinam
1139 1591 1242 1641 Nasonis

199 1672 245 1722 que
256 1657 395 1722 interpretes
411 1673 435 1707 se
452 1658 477 1706 in
493 1658 537 1706 boc
554 1658 606 1706 loco
623 1667 695 1708 torse-
744 1657 818 1722 ipsius
843 1658 982 1725 scripturam
1009 1662 1084 1711 ausim
1110 1662 1241 1723 adfirmare,

199 1741 261 1789 runt,
272 1742 299 1780 ut
309 1731 391 1780 Carrio
408 1730 477 1780 Notis
489 1731 513 1779 in
530 1732 611 1781 Valet.
627 1733 695 1781 Flac·
745 1747 816 1796 quam
834 1741 860 1782 et
874 1734 1021 1783 Mezeriacus
1039 1735 1139 1786 Gallicis
1157 1737 1242 1788 iubas

199 1821 262 1855 curn.
277 1815 301 1855 et
318 1806 417 1855 Vossius
433 1806 486 1854 Art.
505 1806 638 1855 Grammst.
650 1806 694 1855 lib.
745 1805 863 1871 Epistulas
876 1808 954 1864 Notis,
966 1808 1081 1857 Salmasio
1091 1820 1251 1875 suggerentes

198 1880 224 1928 ii.
237 1897 259 1929 c.
272 1881 306 1929 xi.
317 1888 342 1929 et
352 1881 405 1929 libri
416 1881 513 1946 quidam
525 1880 606 1929 Phasis
615 1883 695 1938 AE'c'tae,
744 1878 860 1929 laudavit.
877 1882 983 1941 AE'Atr'ne3
1000 1891 1027 1931 ut
1043 1883 1182 1945 Neptunius,
1194 1887 1242 1936 Ne·

198 1956 307 2020 pessime.
330 1955 520 2004 AE'c'tnenimvel
533 1956 608 2004 AE'e'tes
618 1955 695 2020 trisyl-
745 1954 1241 2018 rs‘ine,Oceonine,Adrnrtins,Nonaerine‚

198 2030 278 2079 laburn
289 2040 332 2078 est.
367 2030 505 2095 Namquod
519 2029 625 2096 Epistola
640 2031 694 2078 Me·
746 2027 855 2085 Evenine,
864 2039 888 2078 et
898 2029 993 2078 similia.
1011 2031 1153 2095 quodetiam
1162 2032 1187 2081 in
1197 2049 1239 2081 no·

199 2103 249 2152 ders
260 2104 362 2168 legitur:
512 2093 518 2107 ¹
745 2101 847 2151 minibus
867 2103 958 2152 obtinet
975 2098 1113 2153 civitatum:
1134 2106 1167 2154 sic
1187 2106 1240 2155 Eis·

232 2178 323 2239 Excipit
341 2180 434 2241 hospitio
442 2180 539 2241 juvenes
553 2189 620 2241 pater
639 2178 694 2226 AEtr
742 2177 853 2237 plantino
872 2178 897 2227 in
919 2179 1042 2244 AEtbiopia
1057 2179 1150 2237 civitas,
1169 2196 1240 2245 quam

264 2252 380 2318 Pelasgos.
745 2249 867 2300 Vitruvius
877 2259 901 2300 et
911 2253 979 2301 Mela
991 2253 1171 2315 Elephantidem.
1199 2255 1240 2303 In-

199 2326 230 2373 Et
241 2327 400 2392 Metamorph.
411 2326 455 2375 lib.
466 2326 508 2374 vii.
522 2327 576 2374 170.
744 2325 796 2374 sula
806 2325 934 2391 AEtbiopiss
946 2327 1050 2390 Daphnis
1060 2327 1137 2376 Plinio
1148 2338 1172 2376 et
1183 2329 1239 2377 Pto-

232 2401 410 2464 Dissimilemqne
427 2403 528 2449 animum
545 2403 613 2448 snbs'it
627 2409 695 2461 poter
743 2399 826 2448 lemteo
837 2410 872 2449 est
883 2402 1014 2463 Daphnine.
1047 2402 1101 2450 Pari
1112 2402 1240 2452 mododuo

262 2476 317 2523 AEto
326 2478 429 2523 relictus.
744 2490 837 2538 quoque
845 2476 1007 2540 patronymica
1016 2476 1137 2540 conjunxit
1143 2476 1186 2524 lib.
1197 2477 1240 2526 vii.

198 2548 233 2596 Tb
245 2558 311 2609 puter
325 2565 355 2596 ex
373 2548 419 2596 fide
434 2547 574 2613 optimorum
585 2546 693 2594 codicum
743 2546 845 2595 Metam.
855 2547 1159 2604 stnloeomendosissimo,
1170 2550 1239 2614 Caly-

198 2622 334 2671 delendum.
362 2622 425 2687 quod
443 2620 537 2686 decepit
555 2637 609 2669 cunr
627 2620 693 2677 alios,
743 2623 834 2670 donirles
848 2623 963 2671 Eueninae.
981 2630 1007 2670 ut
1017 2622 1113 2687 quidem
1129 2623 1178 2671 illic
1189 2640 1239 2672 rno-

199 2702 248 2743 tum
258 2696 398 2744 Salmasium
407 2694 583 2743 Animadversia
590 2694 620 2742 ed
631 2695 650 2742 F
651 2694 693 2742 lori
743 2695 784 2743 nui
794 2695 967 2759 corrigendum.
984 2697 1018 2744 ita
1034 2705 1058 2743 et
1069 2695 1162 2745 Inachis
1172 2700 1240 2746 Acri·

197 2768 252 2818 libr.
261 2769 294 2817 iii.
306 2786 327 2818 c.
338 2788 361 2818 v.
371 2779 396 2817 ut
406 2771 461 2816 AEtn
471 2784 486 2817 a
497 2770 592 2817 Nasone
603 2768 693 2816 dictum
742 2771 802 2817 sione
818 2769 916 2834 Virgilio
928 2771 1012 2818 Danai
1029 2770 1094 2818 dicta
1110 2771 1193 2835 Elegia
1208 2774 1239 2821 ad

198 2859 248 2892 esse
266 2843 439 2891 arbitrarentur.
471 2842 539 2890 Idem
553 2843 692 2890 tumenSal-
742 2841 890 2891 Messallam.
907 2852 931 2891 et
948 2844 1062 2906 Tyndaris
1077 2844 1174 2892 Lucana
1188 2845 1238 2893 He·

198 2916 285 2965 masius
296 2917 366 2963 AE'e'rc
383 2931 468 2972 nomen
478 2915 527 2963 illic
538 2914 606 2963 Floro
617 2914 693 2962 felici·
742 2915 797 2964 lena
806 2915 850 2963 lib.
861 2915 888 2963 ii.
902 2915 1025 2964 AEneidos.
1057 2917 1131 2966 Jason
1142 2918 1239 2983 Orpheo

197 2998 232 3038 ter
241 2988 353 3038 reddidit.
376 2988 467 3036 Auctor
478 2988 560 3052 elegias
569 2987 595 3035 in
603 2987 692 3037 obitum
741 2988 766 3036 in
777 2988 943 3051 Argonauticis
954 2988 1079 3048 Oinonloc
1090 2989 1238 3052 Alouvilnc.

197 3063 352 3113 Macenatis:
742 3062 854 3110 Medeam
865 3078 920 3110 vero
930 3063 1044 3111 AEitinen
1058 3062 1146 3111 dictam
1163 3065 1193 3113 ab
1204 3064 1238 3112 A·

227 3139 315 3185 Viscera
321 3139 544 3187 dissectinutauernt
550 3136 693 3200 arietisogno
739 3134 812 3184 'vieno
822 3151 915 3200 quoque
932 3135 1097 3200 Descriptione
1109 3136 1180 3186 Orbis
1196 3155 1239 3204 ap·

260 3204 562 3272 AE’c'tir,rucor'son'rnipsritn
572 3211 627 3256 ruis.
741 3219 807 3275 paret
817 3210 881 3259 bisce
891 3211 1004 3260 versibus.
1017 3228 1041 3259 v.
1052 3212 1109 3260 650.
1149 3252 1151 3256 ,

195 3287 233 3336 Sic
244 3286 298 3351 lego
309 3303 337 3335 ex
347 3285 450 3350 vestigiis
461 3293 565 3333 veterum
576 3283 692 3331 codicum.
774 3286 867 3348 Absyrti
887 3295 964 3334 sontes
983 3295 1006 3334 et
1025 3288 1115 3334 crebros
1133 3288 1238 3347 motinus

196 3361 263 3410 aliter
282 3362 358 3409 AEtinr
373 3370 397 3408 st
411 3362 489 3408 rrrccis.
524 3360 583 3406 AEtr's
598 3373 692 3422 quoque
804 3375 868 3406 orrea
1106 3357 1113 3369 ’

196 3435 261 3484 dicta
270 3434 403 3501 Apollinari
419 3434 444 3482 in
460 3434 583 3485 Narbone.
597 3449 621 3479 v.
633 3432 691 3479 271.
775 3433 887 3481 Invernet.
905 3433 1049 3480 Colobosbuc
1059 3434 1171 3495 qrrondom
1181 3449 1238 3480 curn

197 3511 247 3558 Siue
257 3511 346 3558 AEts'set
354 3511 456 3572 inclytus
466 3508 542 3556 Isson.
560 3506 594 3555 ita
602 3521 631 3554 ex
640 3523 691 3554 vee-
797 3509 900 3570 fidesque

196 3583 258 3647 tigiis
268 3584 340 3631 MSS.
351 3583 412 3646 lege,
424 3582 449 3630 in
459 3582 544 3646 quibus
554 3582 622 3628 OEtes.
640 3580 692 3629 vul·
775 3583 874 3636 Extulit,
882 3584 984 3628 insonum
995 3589 1104 3627 morantes
1114 3580 1237 3627 AE‘r'tr'nem.

196 3672 227 3720 go
237 3656 314 3706 aliter.
341 3656 475 3705 Gronovius
485 3663 563 3703 noster
571 3654 595 3702 in
604 3655 692 3702 Obscr-
1113 3652 1204 3699 Herus.

196 3731 328 3781 rationibus
340 3732 416 3779 AEtum
424 3737 543 3778 contracte
550 3744 592 3793 pro
603 3730 693 3777 AE'e'tonr
776 3730 831 3777 105.
861 3726 913 3773 Non
932 3728 1012 3786 probat
1032 3727 1145 3772 Alcimede
1166 3735 1239 3771 morer

197 3804 243 3854 dici
260 3821 353 3870 quoque
370 3805 469 3861 monuit,
479 3803 552 3868 idque
569 3803 652 3867 probat
662 3819 691 3851 ex
743 3803 806 3865 tua]
834 3802 902 3848 Hanc
914 3799 1023 3863 Hyginus
1033 3799 1092 3846 Fab.
1107 3798 1146 3844 14.
1180 3797 1238 3859 Cly-

197 3889 305 3944 corrupto
323 3880 406 3928 Valer.
424 3879 503 3927 Flacci
522 3879 583 3933 loco,
601 3877 625 3924 in
645 3892 692 3941 quo
742 3875 805 3924 meni
816 3873 888 3921 filiam
900 3872 965 3920 facit.
978 3870 1019 3918 alii
1030 3869 1148 3932 Autolyco
1159 3878 1239 3916 natam

197 3967 245 4000 non
263 3954 319 4001 AEtn
338 3954 379 4001 sed
400 3954 445 4002 AEn
466 3952 632 4010 scribendum
657 3959 693 3999 est
743 3950 834 3998 volunt.
866 3947 927 3993 Sunt
945 3954 1025 3991 tamen
1043 3941 1083 4006 qui
1101 3940 1181 3988 Rhoeo
1200 3941 1239 3990 rel

197 4022 261 4071 enirn
278 4026 324 4072 AEo
341 4025 402 4073 inter
419 4024 551 4091 precipuas
571 4023 693 4074 Colchidis
743 4020 890 4086 Polymelam
900 4016 982 4068 Jasoni
993 4025 1092 4064 matrem
1103 4013 1237 4077 adsignent.

197 4095 313 4153 civitates,
321 4098 383 4146 unde
394 4107 418 4146 et
424 4098 587 4155 MedeaAEaea
596 4100 693 4160 osroeficn
743 4093 869 4160 suspendio
879 4092 952 4138 vitam
962 4088 1037 4136 finivit
1047 4087 1145 4151 Apollo.
1157 4102 1183 4150 p.
1195 4088 1237 4137 ³7.

197 4168 292 4222 dicitur.
315 4179 341 4221 et
360 4169 394 4220 sio
414 4171 527 4222 meminit
539 4171 592 4237 ejus
611 4171 692 4219 Schol.
743 4169 806 4217 Vide
816 4167 917 4213 Tretzen
930 4160 1033 4210 Chiliad.
1044 4160 1085 4208 vii.
1096 4159 1161 4207 Hist.
1173 4160 1237 4209 xcvi.

197 4243 295 4309 Pindos.
312 4245 344 4297 nd
354 4244 427 4312 Pyor.
438 4242 532 4313 Odia.
546 4244 659 4296 warum
669 4243 694 4294 in
743 4236 856 4306 Sequenti
873 4251 941 4286 versu
961 4233 1042 4283 rnslinr
1059 4235 1109 4298 quis
1125 4235 1201 4299 uenit.
1213 4243 1241 4284 ut
