<?xml version="1.0" encoding="UTF-8"?>
<!DOCTYPE html PUBLIC "-//W3C//DTD XHTML 1.0 Transitional//EN"
    "http://www.w3.org/TR/xhtml1/DTD/xhtml1-transitional.dtd">
<html xmlns="http://www.w3.org/1999/xhtml" xml:lang="en" lang="en">
 <head>
  <title>
</title>
<meta http-equiv="Content-Type" content="text/html;charset=utf-8" />
  <meta name='ocr-system' content='tesseract 3.04.00' />
  <meta name='ocr-capabilities' content='ocr_page ocr_carea ocr_par ocr_line ocrx_word'/>
</head>
<body>
  <div class='ocr_page' id='page_1' title='image "./povidiinasoniso01burmgoog_0419.png"; bbox 0 0 2896 4980; ppageno 0'>
   <div class='ocr_carea' id='block_1_1' title="bbox 443 322 1225 393">
    <p class='ocr_par' dir='ltr' id='par_1_1' title="bbox 443 322 1225 393">
     <span class='ocr_line' id='line_1_1' title="bbox 443 322 1225 393; baseline 0.005 -4"><span class='ocrx_word' id='word_1_1' title='bbox 443 322 656 391; x_wconf 79' lang='lat' dir='ltr'><strong>AMORUM</strong></span> <span class='ocrx_word' id='word_1_2' title='bbox 688 322 867 389; x_wconf 89' lang='lat' dir='ltr'>LIB.111.</span> <span class='ocrx_word' id='word_1_3' title='bbox 888 326 921 390; x_wconf 79' lang='grc'>9.</span> <span class='ocrx_word' id='word_1_4' title='bbox 1158 328 1225 393; x_wconf 62' lang='grc'>495</span> 
     </span>
    </p>
   </div>
   <div class='ocr_carea' id='block_1_2' title="bbox 180 497 1226 1638">
    <p class='ocr_par' dir='ltr' id='par_1_2' title="bbox 180 497 1226 1638">
     <span class='ocr_line' id='line_1_2' title="bbox 180 497 1173 597; baseline 0.002 -26"><span class='ocrx_word' id='word_1_5' title='bbox 180 498 319 572; x_wconf 89' lang='lat' dir='ltr'>Omnia</span> <span class='ocrx_word' id='word_1_6' title='bbox 334 498 573 596; x_wconf 82' lang='lat' dir='ltr'><strong>possideant:</strong></span> <span class='ocrx_word' id='word_1_7' title='bbox 601 497 676 570; x_wconf 76' lang='lat' dir='ltr'>illia</span> <span class='ocrx_word' id='word_1_8' title='bbox 695 497 940 595; x_wconf 78' lang='lat' dir='ltr'><strong>Campusque</strong></span> <span class='ocrx_word' id='word_1_9' title='bbox 959 498 1173 597; x_wconf 74' lang='lat' dir='ltr'>Feruntque</span> 
     </span>
     <span class='ocr_line' id='line_1_3' title="bbox 230 614 1099 714; baseline 0.001 -26"><span class='ocrx_word' id='word_1_10' title='bbox 230 614 394 689; x_wconf 82' lang='lat' dir='ltr'>Serviat:</span> <span class='ocrx_word' id='word_1_11' title='bbox 421 615 461 688; x_wconf 92' lang='lat' dir='ltr'>hi</span> <span class='ocrx_word' id='word_1_12' title='bbox 479 637 613 714; x_wconf 86' lang='lat' dir='ltr'>pacem</span> <span class='ocrx_word' id='word_1_13' title='bbox 630 614 823 711; x_wconf 88' lang='lat' dir='ltr'>crudaque</span> <span class='ocrx_word' id='word_1_14' title='bbox 839 615 939 688; x_wconf 92' lang='lat' dir='ltr'>bella</span> <span class='ocrx_word' id='word_1_15' title='bbox 955 626 1099 711; x_wconf 86' lang='lat' dir='ltr'>gerant.</span> 
     </span>
     <span class='ocr_line' id='line_1_4' title="bbox 182 728 1104 826; baseline 0.002 -24"><span class='ocrx_word' id='word_1_16' title='bbox 182 729 406 804; x_wconf 83' lang='lat' dir='ltr'>Tantumne</span> <span class='ocrx_word' id='word_1_17' title='bbox 424 741 572 804; x_wconf 85' lang='lat' dir='ltr'>nostros</span> <span class='ocrx_word' id='word_1_18' title='bbox 590 729 688 802; x_wconf 90' lang='lat' dir='ltr'>avidi</span> <span class='ocrx_word' id='word_1_19' title='bbox 704 728 921 826; x_wconf 83' lang='lat' dir='ltr'>praedentur</span> <span class='ocrx_word' id='word_1_20' title='bbox 937 753 1104 818; x_wconf 87' lang='lat' dir='ltr'>amores3</span> 
     </span>
     <span class='ocr_line' id='line_1_5' title="bbox 229 843 1223 943; baseline 0.001 -25"><span class='ocrx_word' id='word_1_21' title='bbox 229 843 280 919; x_wconf 91' lang='lat' dir='ltr'>Et</span> <span class='ocrx_word' id='word_1_22' title='bbox 296 847 387 921; x_wconf 87' lang='lat' dir='ltr'>satis</span> <span class='ocrx_word' id='word_1_23' title='bbox 405 856 476 933; x_wconf 88' lang='lat' dir='ltr'>est,</span> <span class='ocrx_word' id='word_1_24' title='bbox 495 845 637 943; x_wconf 89' lang='lat' dir='ltr'>aliquid</span> <span class='ocrx_word' id='word_1_25' title='bbox 656 844 832 943; x_wconf 88' lang='lat' dir='ltr'>pauperis</span> <span class='ocrx_word' id='word_1_26' title='bbox 849 867 934 918; x_wconf 85' lang='lat' dir='ltr'>esse</span> <span class='ocrx_word' id='word_1_27' title='bbox 952 846 1088 919; x_wconf 85' lang='lat' dir='ltr'>sinant.</span> <span class='ocrx_word' id='word_1_28' title='bbox 1174 852 1223 919; x_wconf 82' lang='lat'>60</span> 
     </span>
     <span class='ocr_line' id='line_1_6' title="bbox 184 960 1106 1058; baseline 0.001 -24"><span class='ocrx_word' id='word_1_29' title='bbox 184 960 233 1034; x_wconf 80' lang='lat' dir='ltr'>At</span> <span class='ocrx_word' id='word_1_30' title='bbox 248 986 360 1046; x_wconf 90' lang='lat' dir='ltr'>nunc,</span> <span class='ocrx_word' id='word_1_31' title='bbox 380 972 557 1058; x_wconf 76' lang='lat' dir='ltr'>exaequet</span> <span class='ocrx_word' id='word_1_32' title='bbox 575 961 727 1034; x_wconf 85' lang='lat' dir='ltr'>tetricas</span> <span class='ocrx_word' id='word_1_33' title='bbox 744 960 833 1033; x_wconf 91' lang='lat' dir='ltr'>licet</span> <span class='ocrx_word' id='word_1_34' title='bbox 850 960 913 1035; x_wconf 91' lang='lat' dir='ltr'>illa</span> <span class='ocrx_word' id='word_1_35' title='bbox 932 960 1106 1047; x_wconf 86' lang='lat' dir='ltr'>Sabinas,</span> 
     </span>
     <span class='ocr_line' id='line_1_7' title="bbox 231 1076 1092 1175; baseline 0 -26"><span class='ocrx_word' id='word_1_36' title='bbox 231 1076 399 1175; x_wconf 83' lang='lat' dir='ltr'>Imperat</span> <span class='ocrx_word' id='word_1_37' title='bbox 415 1088 457 1151; x_wconf 93' lang='lat' dir='ltr'>ut</span> <span class='ocrx_word' id='word_1_38' title='bbox 474 1089 608 1175; x_wconf 75' lang='lat' dir='ltr'>captae,</span> <span class='ocrx_word' id='word_1_39' title='bbox 628 1077 693 1173; x_wconf 91' lang='lat' dir='ltr'>qui</span> <span class='ocrx_word' id='word_1_40' title='bbox 710 1077 801 1150; x_wconf 88' lang='lat' dir='ltr'>dare</span> <span class='ocrx_word' id='word_1_41' title='bbox 819 1078 937 1149; x_wconf 89' lang='lat' dir='ltr'>multa</span> <span class='ocrx_word' id='word_1_42' title='bbox 955 1087 1092 1175; x_wconf 85' lang='lat' dir='ltr'>potest.</span> 
     </span>
     <span class='ocr_line' id='line_1_8' title="bbox 186 1190 1162 1292; baseline -0.001 -27"><span class='ocrx_word' id='word_1_43' title='bbox 186 1190 249 1267; x_wconf 90' lang='lat' dir='ltr'>Me</span> <span class='ocrx_word' id='word_1_44' title='bbox 264 1193 440 1292; x_wconf 83' lang='lat' dir='ltr'>prohibet</span> <span class='ocrx_word' id='word_1_45' title='bbox 456 1202 605 1267; x_wconf 84' lang='lat' dir='ltr'>custos:</span> <span class='ocrx_word' id='word_1_46' title='bbox 634 1193 673 1265; x_wconf 92' lang='lat' dir='ltr'>in</span> <span class='ocrx_word' id='word_1_47' title='bbox 690 1218 751 1266; x_wconf 91' lang='lat' dir='ltr'>me</span> <span class='ocrx_word' id='word_1_48' title='bbox 769 1194 879 1266; x_wconf 87' lang='lat' dir='ltr'>timet</span> <span class='ocrx_word' id='word_1_49' title='bbox 895 1193 959 1266; x_wconf 89' lang='lat' dir='ltr'>illa</span> <span class='ocrx_word' id='word_1_50' title='bbox 975 1193 1162 1266; x_wconf 89' lang='lat' dir='ltr'>maritum.</span> 
     </span>
     <span class='ocr_line' id='line_1_9' title="bbox 234 1307 1018 1407; baseline 0.004 -28"><span class='ocrx_word' id='word_1_51' title='bbox 234 1307 274 1380; x_wconf 87' lang='lat' dir='ltr'>Si</span> <span class='ocrx_word' id='word_1_52' title='bbox 292 1308 472 1394; x_wconf 87' lang='lat' dir='ltr'><strong>dederim,</strong></span> <span class='ocrx_word' id='word_1_53' title='bbox 490 1309 572 1382; x_wconf 70' lang='lat' dir='ltr'>total</span> <span class='ocrx_word' id='word_1_54' title='bbox 590 1310 701 1383; x_wconf 89' lang='lat' dir='ltr'>cedet</span> <span class='ocrx_word' id='word_1_55' title='bbox 717 1320 877 1407; x_wconf 90' lang='lat' dir='ltr'>uterque</span> <span class='ocrx_word' id='word_1_56' title='bbox 892 1310 1018 1383; x_wconf 89' lang='lat' dir='ltr'>domo.</span> 
     </span>
     <span class='ocr_line' id='line_1_10' title="bbox 189 1419 1226 1522; baseline 0.005 -29"><span class='ocrx_word' id='word_1_57' title='bbox 189 1419 233 1508; x_wconf 90' lang='grc' dir='ltr'>Ο,</span> <span class='ocrx_word' id='word_1_58' title='bbox 251 1423 282 1495; x_wconf 87' lang='lat' dir='ltr'>si</span> <span class='ocrx_word' id='word_1_59' title='bbox 301 1425 462 1520; x_wconf 85' lang='lat' dir='ltr'>neglecti</span> <span class='ocrx_word' id='word_1_60' title='bbox 481 1424 683 1522; x_wconf 91' lang='lat' dir='ltr'>quisquam</span> <span class='ocrx_word' id='word_1_61' title='bbox 703 1425 808 1498; x_wconf 81' lang='lat' dir='ltr'>D&#39;eus</span> <span class='ocrx_word' id='word_1_62' title='bbox 826 1426 923 1498; x_wconf 90' lang='lat' dir='ltr'>ultor</span> <span class='ocrx_word' id='word_1_63' title='bbox 941 1425 1112 1509; x_wconf 90' lang='lat' dir='ltr'>amantis,</span> <span class='ocrx_word' id='word_1_64' title='bbox 1177 1429 1226 1498; x_wconf 80' lang='lat'>65</span> 
     </span>
     <span class='ocr_line' id='line_1_11' title="bbox 234 1537 1070 1638; baseline 0.002 -27"><span class='ocrx_word' id='word_1_65' title='bbox 234 1537 326 1612; x_wconf 85' lang='lat' dir='ltr'>Tam</span> <span class='ocrx_word' id='word_1_66' title='bbox 344 1540 441 1614; x_wconf 89' lang='lat' dir='ltr'>male</span> <span class='ocrx_word' id='word_1_67' title='bbox 459 1542 638 1636; x_wconf 83' lang='lat' dir='ltr'>quaesitas</span> <span class='ocrx_word' id='word_1_68' title='bbox 656 1541 808 1638; x_wconf 88' lang='lat' dir='ltr'>pulvere</span> <span class='ocrx_word' id='word_1_69' title='bbox 825 1550 945 1615; x_wconf 89' lang='lat' dir='ltr'>mutet</span> <span class='ocrx_word' id='word_1_70' title='bbox 962 1541 1070 1638; x_wconf 87' lang='lat' dir='ltr'>opes!</span> 
     </span>
    </p>
   </div>
   <div class='ocr_carea' id='block_1_3' title="bbox 545 2059 870 2135">
    <p class='ocr_par' dir='ltr' id='par_1_3' title="bbox 545 2059 870 2135">
     <span class='ocr_line' id='line_1_12' title="bbox 545 2059 870 2135; baseline 0.006 -2"><span class='ocrx_word' id='word_1_71' title='bbox 545 2059 771 2135; x_wconf 88' lang='lat' dir='ltr'><strong>ELEGIA</strong></span> <span class='ocrx_word' id='word_1_72' title='bbox 799 2059 870 2135; x_wconf 91' lang='lat' dir='ltr'>IX.</span> 
     </span>
    </p>
   </div>
   <div class='ocr_carea' id='block_1_4' title="bbox 88 2240 1420 2475">
    <p class='ocr_par' dir='ltr' id='par_1_4' title="bbox 88 2240 1420 2475">
     <span class='ocr_line' id='line_1_13' title="bbox 88 2240 1420 2350; baseline 0.005 -29"><span class='ocrx_word' id='word_1_73' title='bbox 88 2240 92 2263; x_wconf 74' lang='lat'><strong>²</strong></span> <span class='ocrx_word' id='word_1_74' title='bbox 192 2246 395 2323; x_wconf 88' lang='lat' dir='ltr'>Memnona</span> <span class='ocrx_word' id='word_1_75' title='bbox 412 2251 443 2321; x_wconf 87' lang='lat' dir='ltr'>si</span> <span class='ocrx_word' id='word_1_76' title='bbox 462 2260 592 2337; x_wconf 88' lang='lat' dir='ltr'>mater,</span> <span class='ocrx_word' id='word_1_77' title='bbox 611 2263 732 2325; x_wconf 90' lang='lat' dir='ltr'>mater</span> <span class='ocrx_word' id='word_1_78' title='bbox 748 2252 905 2350; x_wconf 81' lang='lat' dir='ltr'>ploravit</span> <span class='ocrx_word' id='word_1_79' title='bbox 923 2252 1106 2340; x_wconf 83' lang='lat' dir='ltr'>Achillen,</span> <span class='ocrx_word' id='word_1_80' title='bbox 1309 2264 1384 2341; x_wconf 54' lang='lat' dir='ltr'>,ff</span> <span class='ocrx_word' id='word_1_81' title='bbox 1408 2310 1420 2343; x_wconf 54' lang='grc'>.,</span> 
     </span>
     <span class='ocr_line' id='line_1_14' title="bbox 238 2364 1267 2475; baseline 0.003 -38"><span class='ocrx_word' id='word_1_82' title='bbox 238 2364 288 2438; x_wconf 90' lang='lat' dir='ltr'>Et</span> <span class='ocrx_word' id='word_1_83' title='bbox 305 2375 465 2462; x_wconf 87' lang='lat' dir='ltr'>tangunt</span> <span class='ocrx_word' id='word_1_84' title='bbox 482 2388 637 2462; x_wconf 83' lang='lat' dir='ltr'>magnas</span> <span class='ocrx_word' id='word_1_85' title='bbox 655 2366 776 2441; x_wconf 89' lang='lat' dir='ltr'>tristia</span> <span class='ocrx_word' id='word_1_86' title='bbox 792 2367 869 2441; x_wconf 85' lang='lat' dir='ltr'>fata</span> <span class='ocrx_word' id='word_1_87' title='bbox 887 2367 1011 2453; x_wconf 90' lang='lat' dir='ltr'>Deas;</span> <span class='ocrx_word' id='word_1_88' title='bbox 1196 2382 1267 2475; x_wconf 43' lang='lat' dir='ltr'>fs&amp;</span> 
     </span>
    </p>
   </div>
   <div class='ocr_carea' id='block_1_5' title="bbox 1183 2443 1379 2477">
    <p class='ocr_par' dir='ltr' id='par_1_5' title="bbox 1183 2443 1379 2477">
     <span class='ocr_line' id='line_1_15' title="bbox 1183 2443 1379 2477; baseline 0.005 -1"><span class='ocrx_word' id='word_1_89' title='bbox 1183 2450 1196 2472; x_wconf 60' lang='lat' dir='ltr'>e</span> <span class='ocrx_word' id='word_1_90' title='bbox 1264 2443 1379 2477; x_wconf 47' lang='grc' dir='ltr'>μύω.</span> 
     </span>
    </p>
   </div>
   <div class='ocr_carea' id='block_1_6' title="bbox 138 2476 1184 3144">
    <p class='ocr_par' dir='ltr' id='par_1_6' title="bbox 138 2476 1184 3144">
     <span class='ocr_line' id='line_1_16' title="bbox 192 2476 1039 2580; baseline 0.005 -30"><span class='ocrx_word' id='word_1_91' title='bbox 192 2476 342 2554; x_wconf 83' lang='lat' dir='ltr'>Flebilis</span> <span class='ocrx_word' id='word_1_92' title='bbox 361 2480 546 2576; x_wconf 88' lang='lat' dir='ltr'>indignos,</span> <span class='ocrx_word' id='word_1_93' title='bbox 566 2480 854 2578; x_wconf 74' lang='lat' dir='ltr'>Elegeiasolve</span> <span class='ocrx_word' id='word_1_94' title='bbox 872 2482 1039 2580; x_wconf 85' lang='lat' dir='ltr'>capillos.</span> 
     </span>
     <span class='ocr_line' id='line_1_17' title="bbox 237 2595 1062 2670; baseline -0.001 -2"><span class='ocrx_word' id='word_1_95' title='bbox 237 2597 298 2668; x_wconf 85' lang='lat' dir='ltr'>Ah</span> <span class='ocrx_word' id='word_1_96' title='bbox 316 2595 426 2669; x_wconf 89' lang='lat' dir='ltr'>nimis</span> <span class='ocrx_word' id='word_1_97' title='bbox 444 2620 493 2670; x_wconf 83' lang='lat' dir='ltr'>ex</span> <span class='ocrx_word' id='word_1_98' title='bbox 510 2621 597 2670; x_wconf 90' lang='lat' dir='ltr'>vero</span> <span class='ocrx_word' id='word_1_99' title='bbox 615 2622 713 2670; x_wconf 90' lang='lat' dir='ltr'>nunc</span> <span class='ocrx_word' id='word_1_100' title='bbox 732 2597 800 2670; x_wconf 91' lang='lat' dir='ltr'>tibi</span> <span class='ocrx_word' id='word_1_101' title='bbox 818 2622 953 2669; x_wconf 87' lang='lat' dir='ltr'>nomen</span> <span class='ocrx_word' id='word_1_102' title='bbox 972 2597 1062 2670; x_wconf 86' lang='lat' dir='ltr'>erit!</span> 
     </span>
     <span class='ocr_line' id='line_1_18' title="bbox 190 2709 1115 2808; baseline 0 -26"><span class='ocrx_word' id='word_1_103' title='bbox 190 2709 257 2784; x_wconf 93' lang='lat' dir='ltr'>Ille</span> <span class='ocrx_word' id='word_1_104' title='bbox 274 2711 328 2784; x_wconf 94' lang='lat' dir='ltr'>tui</span> <span class='ocrx_word' id='word_1_105' title='bbox 346 2722 450 2785; x_wconf 90' lang='lat' dir='ltr'>vates</span> <span class='ocrx_word' id='word_1_106' title='bbox 468 2713 606 2808; x_wconf 76' lang='lat' dir='ltr'>operia,</span> <span class='ocrx_word' id='word_1_107' title='bbox 626 2712 818 2796; x_wconf 74' lang='lat' dir='ltr'>malama,</span> <span class='ocrx_word' id='word_1_108' title='bbox 838 2711 1010 2783; x_wconf 87' lang='lat' dir='ltr'>Tibullus</span> <span class='ocrx_word' id='word_1_109' title='bbox 1113 2755 1115 2760; x_wconf 91' lang='lat'>-</span> 
     </span>
     <span class='ocr_line' id='line_1_19' title="bbox 237 2825 1029 2924; baseline 0.001 -26"><span class='ocrx_word' id='word_1_110' title='bbox 237 2826 357 2900; x_wconf 85' lang='lat' dir='ltr'>Ardet</span> <span class='ocrx_word' id='word_1_111' title='bbox 372 2827 409 2899; x_wconf 91' lang='lat' dir='ltr'>in</span> <span class='ocrx_word' id='word_1_112' title='bbox 428 2837 613 2911; x_wconf 71' lang='lat' dir='ltr'>extructa</span> <span class='ocrx_word' id='word_1_113' title='bbox 632 2850 767 2924; x_wconf 86' lang='lat' dir='ltr'>corpus</span> <span class='ocrx_word' id='word_1_114' title='bbox 785 2825 907 2911; x_wconf 88' lang='lat' dir='ltr'>inane,</span> <span class='ocrx_word' id='word_1_115' title='bbox 926 2850 1029 2922; x_wconf 85' lang='lat' dir='ltr'>rogo.</span> 
     </span>
     <span class='ocr_line' id='line_1_20' title="bbox 158 2940 1184 3043; baseline 0.001 -29"><span class='ocrx_word' id='word_1_116' title='bbox 158 3035 165 3043; x_wconf 85' lang='lat'>.</span> <span class='ocrx_word' id='word_1_117' title='bbox 191 2940 303 3027; x_wconf 86' lang='lat' dir='ltr'>Ecce,</span> <span class='ocrx_word' id='word_1_118' title='bbox 323 2966 416 3040; x_wconf 92' lang='lat' dir='ltr'>puer</span> <span class='ocrx_word' id='word_1_119' title='bbox 433 2940 591 3015; x_wconf 88' lang='lat' dir='ltr'>Veneris</span> <span class='ocrx_word' id='word_1_120' title='bbox 608 2940 680 3015; x_wconf 84' lang='lat' dir='ltr'>fert</span> <span class='ocrx_word' id='word_1_121' title='bbox 697 2964 942 3037; x_wconf 87' lang='lat' dir='ltr'>eversamque</span> <span class='ocrx_word' id='word_1_122' title='bbox 959 2943 1184 3039; x_wconf 86' lang='lat' dir='ltr'>pharetram,</span> 
     </span>
     <span class='ocr_line' id='line_1_21' title="bbox 138 3044 992 3144; baseline -0.005 -12"><span class='ocrx_word' id='word_1_123' title='bbox 138 3044 154 3071; x_wconf 35' lang='grc' dir='ltr'><em>Ἀ</em></span> <span class='ocrx_word' id='word_1_124' title='bbox 239 3057 291 3132; x_wconf 89' lang='lat' dir='ltr'>Et</span> <span class='ocrx_word' id='word_1_125' title='bbox 307 3057 444 3132; x_wconf 84' lang='lat' dir='ltr'>fractos</span> <span class='ocrx_word' id='word_1_126' title='bbox 463 3081 584 3144; x_wconf 88' lang='lat' dir='ltr'>arcus,</span> <span class='ocrx_word' id='word_1_127' title='bbox 604 3067 643 3131; x_wconf 95' lang='lat' dir='ltr'>et</span> <span class='ocrx_word' id='word_1_128' title='bbox 659 3057 740 3131; x_wconf 87' lang='lat' dir='ltr'>sine</span> <span class='ocrx_word' id='word_1_129' title='bbox 757 3058 841 3130; x_wconf 92' lang='lat' dir='ltr'>luce</span> <span class='ocrx_word' id='word_1_130' title='bbox 859 3055 992 3130; x_wconf 84' lang='lat' dir='ltr'>facem.</span> 
     </span>
    </p>
   </div>
   <div class='ocr_carea' id='block_1_7' title="bbox 189 3335 1234 4206">
    <p class='ocr_par' dir='ltr' id='par_1_7' title="bbox 189 3335 1232 3913">
     <span class='ocr_line' id='line_1_22' title="bbox 221 3335 1232 3408; baseline 0.003 -22"><span class='ocrx_word' id='word_1_131' title='bbox 221 3339 260 3386; x_wconf 74' lang='grc'>69.</span> <span class='ocrx_word' id='word_1_132' title='bbox 279 3337 371 3385; x_wconf 76' lang='lat' dir='ltr'>Nostros</span> <span class='ocrx_word' id='word_1_133' title='bbox 379 3339 441 3384; x_wconf 66' lang='lat' dir='ltr'>aradi</span> <span class='ocrx_word' id='word_1_134' title='bbox 449 3337 684 3400; x_wconf 60' lang='lat' dir='ltr'>terminatione]</span> <span class='ocrx_word' id='word_1_135' title='bbox 735 3337 778 3386; x_wconf 86' lang='lat' dir='ltr'>ult.</span> <span class='ocrx_word' id='word_1_136' title='bbox 789 3345 825 3385; x_wconf 83' lang='lat' dir='ltr'>est</span> <span class='ocrx_word' id='word_1_137' title='bbox 834 3351 889 3384; x_wconf 88' lang='lat' dir='ltr'>vero</span> <span class='ocrx_word' id='word_1_138' title='bbox 900 3335 938 3384; x_wconf 88' lang='lat' dir='ltr'>hic&#39;</span> <span class='ocrx_word' id='word_1_139' title='bbox 946 3335 1084 3401; x_wconf 70' lang='lat' dir='ltr'>ellipsisroa</span> <span class='ocrx_word' id='word_1_140' title='bbox 1094 3341 1121 3395; x_wconf 76' lang='lat' dir='ltr'>ri,</span> <span class='ocrx_word' id='word_1_141' title='bbox 1133 3348 1158 3387; x_wconf 88' lang='lat' dir='ltr'>ut</span> <span class='ocrx_word' id='word_1_142' title='bbox 1169 3358 1232 3408; x_wconf 77' lang='lat' dir='ltr'>saepe</span> 
     </span>
     <span class='ocr_line' id='line_1_23' title="bbox 190 3409 1232 3476; baseline 0.005 -18"><span class='ocrx_word' id='word_1_143' title='bbox 190 3410 370 3476; x_wconf 71' lang='lat' dir='ltr'>Liceartturjam</span> <span class='ocrx_word' id='word_1_144' title='bbox 379 3410 539 3458; x_wconf 82' lang='lat' dir='ltr'>Bemmannus</span> <span class='ocrx_word' id='word_1_145' title='bbox 548 3410 573 3458; x_wconf 90' lang='lat' dir='ltr'>in</span> <span class='ocrx_word' id='word_1_146' title='bbox 581 3412 686 3476; x_wconf 76' lang='lat' dir='ltr'>margine</span> <span class='ocrx_word' id='word_1_147' title='bbox 735 3410 792 3460; x_wconf 75' lang='lat' dir='ltr'>alibi</span> <span class='ocrx_word' id='word_1_148' title='bbox 803 3409 943 3459; x_wconf 86' lang='lat' dir='ltr'>notavimus.</span> <span class='ocrx_word' id='word_1_149' title='bbox 955 3409 1002 3460; x_wconf 87' lang='lat' dir='ltr'>vid.</span> <span class='ocrx_word' id='word_1_150' title='bbox 1014 3410 1071 3460; x_wconf 83' lang='lat' dir='ltr'>adi.</span> <span class='ocrx_word' id='word_1_151' title='bbox 1083 3412 1138 3462; x_wconf 78' lang='lat' dir='ltr'>Am.</span> <span class='ocrx_word' id='word_1_152' title='bbox 1147 3413 1179 3462; x_wconf 82' lang='lat' dir='ltr'>iv.</span> <span class='ocrx_word' id='word_1_153' title='bbox 1191 3417 1232 3463; x_wconf 79' lang='lat'>29.</span> 
     </span>
     <span class='ocr_line' id='line_1_24' title="bbox 189 3482 1232 3552; baseline 0.005 -20"><span class='ocrx_word' id='word_1_154' title='bbox 189 3484 287 3540; x_wconf 82' lang='lat' dir='ltr'>notavit,</span> <span class='ocrx_word' id='word_1_155' title='bbox 298 3491 323 3533; x_wconf 81' lang='lat' dir='ltr'>et</span> <span class='ocrx_word' id='word_1_156' title='bbox 336 3482 459 3548; x_wconf 82' lang='lat' dir='ltr'>explicuit,</span> <span class='ocrx_word' id='word_1_157' title='bbox 473 3483 574 3548; x_wconf 85' lang='lat' dir='ltr'>pretium</span> <span class='ocrx_word' id='word_1_158' title='bbox 591 3483 614 3531; x_wconf 87' lang='lat' dir='ltr'>in</span> <span class='ocrx_word' id='word_1_159' title='bbox 627 3499 683 3534; x_wconf 80' lang='lat' dir='ltr'>nuc·</span> <span class='ocrx_word' id='word_1_160' title='bbox 735 3482 828 3533; x_wconf 76' lang='lat' dir='ltr'>alsatis</span> <span class='ocrx_word' id='word_1_161' title='bbox 839 3492 882 3542; x_wconf 79' lang='lat' dir='ltr'>est,</span> <span class='ocrx_word' id='word_1_162' title='bbox 893 3482 999 3532; x_wconf 73' lang='lat' dir='ltr'>sisinum</span> <span class='ocrx_word' id='word_1_163' title='bbox 1010 3485 1101 3551; x_wconf 83' lang='lat' dir='ltr'>aliquid</span> <span class='ocrx_word' id='word_1_164' title='bbox 1112 3503 1163 3536; x_wconf 72' lang='lat' dir='ltr'>case</span> <span class='ocrx_word' id='word_1_165' title='bbox 1173 3504 1232 3552; x_wconf 84' lang='lat' dir='ltr'>pau-</span> 
     </span>
     <span class='ocr_line' id='line_1_25' title="bbox 189 3556 1165 3622; baseline 0.003 -18"><span class='ocrx_word' id='word_1_166' title='bbox 189 3557 251 3606; x_wconf 82' lang='lat' dir='ltr'>tiene</span> <span class='ocrx_word' id='word_1_167' title='bbox 259 3557 357 3605; x_wconf 76' lang='lat' dir='ltr'>onerant</span> <span class='ocrx_word' id='word_1_168' title='bbox 367 3571 471 3621; x_wconf 81' lang='lat' dir='ltr'>promea</span> <span class='ocrx_word' id='word_1_169' title='bbox 481 3556 569 3621; x_wconf 82' lang='lat' dir='ltr'>puella.</span> <span class='ocrx_word' id='word_1_170' title='bbox 587 3557 685 3607; x_wconf 81' lang='lat' dir='ltr'>sednon</span> <span class='ocrx_word' id='word_1_171' title='bbox 735 3557 807 3622; x_wconf 79' lang='lat' dir='ltr'>peris.</span> <span class='ocrx_word' id='word_1_172' title='bbox 841 3559 929 3607; x_wconf 80' lang='lat' dir='ltr'>Eunu.</span> <span class='ocrx_word' id='word_1_173' title='bbox 1163 3568 1165 3572; x_wconf 79' lang='grc'>’</span> 
     </span>
     <span class='ocr_line' id='line_1_26' title="bbox 189 3629 1231 3695; baseline 0.001 -16"><span class='ocrx_word' id='word_1_174' title='bbox 189 3631 266 3695; x_wconf 75' lang='lat' dir='ltr'>agitur</span> <span class='ocrx_word' id='word_1_175' title='bbox 286 3630 325 3679; x_wconf 86' lang='lat' dir='ltr'>hic</span> <span class='ocrx_word' id='word_1_176' title='bbox 344 3630 374 3679; x_wconf 85' lang='lat' dir='ltr'>de</span> <span class='ocrx_word' id='word_1_177' title='bbox 395 3629 497 3686; x_wconf 75' lang='lat' dir='ltr'>ancillis,</span> <span class='ocrx_word' id='word_1_178' title='bbox 517 3646 571 3694; x_wconf 77' lang='lat' dir='ltr'>que</span> <span class='ocrx_word' id='word_1_179' title='bbox 590 3631 686 3680; x_wconf 80' lang='lat' dir='ltr'>venales</span> <span class='ocrx_word' id='word_1_180' title='bbox 768 3633 807 3681; x_wconf 83' lang='lat'>66.</span> <span class='ocrx_word' id='word_1_181' title='bbox 826 3632 1029 3693; x_wconf 75' lang='lat' dir='ltr'>Pultcremutet.)</span> <span class='ocrx_word' id='word_1_182' title='bbox 1046 3633 1075 3683; x_wconf 83' lang='lat' dir='ltr'>ld</span> <span class='ocrx_word' id='word_1_183' title='bbox 1086 3643 1121 3683; x_wconf 79' lang='lat' dir='ltr'>est</span> <span class='ocrx_word' id='word_1_184' title='bbox 1132 3633 1231 3681; x_wconf 85' lang='lat' dir='ltr'>adnihi·</span> 
     </span>
     <span class='ocr_line' id='line_1_27' title="bbox 189 3697 1232 3771; baseline -0.001 -18"><span class='ocrx_word' id='word_1_185' title='bbox 189 3719 240 3753; x_wconf 74' lang='lat' dir='ltr'>ene</span> <span class='ocrx_word' id='word_1_186' title='bbox 256 3703 374 3759; x_wconf 78' lang='lat' dir='ltr'>solebant,</span> <span class='ocrx_word' id='word_1_187' title='bbox 392 3718 466 3767; x_wconf 79' lang='lat' dir='ltr'>quare</span> <span class='ocrx_word' id='word_1_188' title='bbox 482 3702 540 3751; x_wconf 81' lang='lat' dir='ltr'>milri</span> <span class='ocrx_word' id='word_1_189' title='bbox 558 3705 686 3770; x_wconf 80' lang='lat' dir='ltr'>praeplacet</span> <span class='ocrx_word' id='word_1_190' title='bbox 735 3705 784 3754; x_wconf 86' lang='lat' dir='ltr'>lum</span> <span class='ocrx_word' id='word_1_191' title='bbox 791 3704 892 3771; x_wconf 79' lang='lat' dir='ltr'>redigat.</span> <span class='ocrx_word' id='word_1_192' title='bbox 903 3705 984 3754; x_wconf 80' lang='lat' dir='ltr'>Tibul.</span> <span class='ocrx_word' id='word_1_193' title='bbox 996 3705 1012 3753; x_wconf 95' lang='lat' dir='ltr'>i.</span> <span class='ocrx_word' id='word_1_194' title='bbox 1023 3697 1099 3755; x_wconf 69' lang='lat' dir='ltr'>x.&#39;l2.</span> <span class='ocrx_word' id='word_1_195' title='bbox 1117 3707 1232 3754; x_wconf 73' lang='lat' dir='ltr'>ltlrruus.</span> 
     </span>
     <span class='ocr_line' id='line_1_28' title="bbox 189 3774 1017 3835; baseline 0.001 -10"><span class='ocrx_word' id='word_1_196' title='bbox 189 3775 261 3825; x_wconf 75' lang='lat' dir='ltr'>lactic</span> <span class='ocrx_word' id='word_1_197' title='bbox 279 3774 383 3825; x_wconf 74' lang='lat' dir='ltr'>Palatini</span> <span class='ocrx_word' id='word_1_198' title='bbox 397 3782 422 3823; x_wconf 83' lang='lat' dir='ltr'>ct</span> <span class='ocrx_word' id='word_1_199' title='bbox 432 3774 640 3835; x_wconf 78' lang='lat' dir='ltr'>Francosurteusis,</span> <span class='ocrx_word' id='word_1_200' title='bbox 649 3788 687 3826; x_wconf 67' lang='lat' dir='ltr'>aa·</span> <span class='ocrx_word' id='word_1_201' title='bbox 953 3806 1017 3814; x_wconf 93' lang='lat'>—</span> 
     </span>
     <span class='ocr_line' id='line_1_29' title="bbox 190 3849 1232 3913; baseline 0.002 -15"><span class='ocrx_word' id='word_1_202' title='bbox 190 3859 287 3898; x_wconf 73' lang='lat' dir='ltr'>nentur.-</span> <span class='ocrx_word' id='word_1_203' title='bbox 303 3851 341 3899; x_wconf 83' lang='lat' dir='ltr'>vel</span> <span class='ocrx_word' id='word_1_204' title='bbox 350 3852 491 3913; x_wconf 73' lang='lat' dir='ltr'>predantur.</span> <span class='ocrx_word' id='word_1_205' title='bbox 524 3850 613 3899; x_wconf 72' lang='lat' dir='ltr'>Burri.</span> <span class='ocrx_word' id='word_1_206' title='bbox 773 3853 795 3900; x_wconf 91' lang='lat' dir='ltr'>l.</span> <span class='ocrx_word' id='word_1_207' title='bbox 814 3851 915 3913; x_wconf 65' lang='lat' dir='ltr'>liutem]</span> <span class='ocrx_word' id='word_1_208' title='bbox 931 3852 1033 3898; x_wconf 79' lang='lat' dir='ltr'>Aurora.</span> <span class='ocrx_word' id='word_1_209' title='bbox 1068 3850 1153 3898; x_wconf 80' lang='lat' dir='ltr'>Mater.</span> <span class='ocrx_word' id='word_1_210' title='bbox 1168 3849 1232 3900; x_wconf 76' lang='lat' dir='ltr'>Tle-</span> 
     </span>
    </p>

    <p class='ocr_par' dir='ltr' id='par_1_8' title="bbox 190 3925 1234 4206">
     <span class='ocr_line' id='line_1_30' title="bbox 223 3925 777 3988; baseline 0.002 -15"><span class='ocrx_word' id='word_1_211' title='bbox 223 3927 264 3973; x_wconf 75' lang='lat'>⁶0.</span> <span class='ocrx_word' id='word_1_212' title='bbox 290 3925 319 3972; x_wconf 84' lang='lat' dir='ltr'>Et</span> <span class='ocrx_word' id='word_1_213' title='bbox 340 3926 394 3972; x_wconf 77' lang='lat' dir='ltr'>satit</span> <span class='ocrx_word' id='word_1_214' title='bbox 412 3932 454 3977; x_wconf 73' lang='lat' dir='ltr'>ott,</span> <span class='ocrx_word' id='word_1_215' title='bbox 476 3925 688 3988; x_wconf 70' lang='lat' dir='ltr'>aliquit-paupera</span> <span class='ocrx_word' id='word_1_216' title='bbox 737 3926 777 3974; x_wconf 84' lang='lat' dir='ltr'>tis.</span> 
     </span>
     <span class='ocr_line' id='line_1_31' title="bbox 190 3993 1233 4061; baseline -0.009 -16"><span class='ocrx_word' id='word_1_217' title='bbox 190 4016 233 4047; x_wconf 76' lang='lat' dir='ltr'>msc</span> <span class='ocrx_word' id='word_1_218' title='bbox 243 3999 342 4061; x_wconf 68' lang='lat' dir='ltr'>neunt]</span> <span class='ocrx_word' id='word_1_219' title='bbox 364 3998 432 4050; x_wconf 70' lang='lat' dir='ltr'>Quen</span> <span class='ocrx_word' id='word_1_220' title='bbox 447 3997 502 4042; x_wconf 78' lang='lat' dir='ltr'>satia</span> <span class='ocrx_word' id='word_1_221' title='bbox 517 3997 687 4044; x_wconf 78' lang='lat' dir='ltr'>eatDouzale·</span> <span class='ocrx_word' id='word_1_222' title='bbox 771 4001 795 4045; x_wconf 81' lang='grc'>6.</span> <span class='ocrx_word' id='word_1_223' title='bbox 817 3996 860 4043; x_wconf 85' lang='lat' dir='ltr'>Tui</span> <span class='ocrx_word' id='word_1_224' title='bbox 873 4007 931 4043; x_wconf 75' lang='lat' dir='ltr'>cutm</span> <span class='ocrx_word' id='word_1_225' title='bbox 946 3995 1040 4057; x_wconf 66' lang='lat' dir='ltr'>operia]</span> <span class='ocrx_word' id='word_1_226' title='bbox 1062 3993 1089 4042; x_wconf 89' lang='lat' dir='ltr'>ld</span> <span class='ocrx_word' id='word_1_227' title='bbox 1107 4001 1143 4041; x_wconf 78' lang='lat' dir='ltr'>est</span> <span class='ocrx_word' id='word_1_228' title='bbox 1158 4010 1233 4046; x_wconf 68' lang='lat' dir='ltr'>mem.</span> 
     </span>
     <span class='ocr_line' id='line_1_32' title="bbox 190 4066 1234 4145; baseline -0.008 -24"><span class='ocrx_word' id='word_1_229' title='bbox 190 4074 271 4137; x_wconf 77' lang='lat' dir='ltr'>gebat,</span> <span class='ocrx_word' id='word_1_230' title='bbox 290 4072 314 4120; x_wconf 86' lang='lat' dir='ltr'>id</span> <span class='ocrx_word' id='word_1_231' title='bbox 336 4081 380 4125; x_wconf 80' lang='lat' dir='ltr'>est,</span> <span class='ocrx_word' id='word_1_232' title='bbox 399 4068 440 4132; x_wconf 84' lang='lat' dir='ltr'>qui</span> <span class='ocrx_word' id='word_1_233' title='bbox 462 4081 540 4113; x_wconf 82' lang='lat' dir='ltr'>amore</span> <span class='ocrx_word' id='word_1_234' title='bbox 559 4077 584 4115; x_wconf 82' lang='lat' dir='ltr'>ct</span> <span class='ocrx_word' id='word_1_235' title='bbox 604 4069 688 4133; x_wconf 76' lang='lat' dir='ltr'>opibus</span> <span class='ocrx_word' id='word_1_236' title='bbox 738 4085 788 4118; x_wconf 84' lang='lat' dir='ltr'>rum</span> <span class='ocrx_word' id='word_1_237' title='bbox 800 4076 892 4115; x_wconf 86' lang='lat' dir='ltr'>tuorum</span> <span class='ocrx_word' id='word_1_238' title='bbox 901 4066 1006 4116; x_wconf 77' lang='lat' dir='ltr'>antistes.</span> <span class='ocrx_word' id='word_1_239' title='bbox 1023 4075 1050 4114; x_wconf 90' lang='lat' dir='ltr'>ut</span> <span class='ocrx_word' id='word_1_240' title='bbox 1060 4082 1113 4128; x_wconf 77' lang='lat' dir='ltr'>opat</span> <span class='ocrx_word' id='word_1_241' title='bbox 1123 4075 1147 4117; x_wconf 76' lang='lat' dir='ltr'>tt</span> <span class='ocrx_word' id='word_1_242' title='bbox 1156 4084 1234 4145; x_wconf 73' lang='lat' dir='ltr'>opera.</span> 
     </span>
     <span class='ocr_line' id='line_1_33' title="bbox 191 4138 1114 4206; baseline -0.008 -10"><span class='ocrx_word' id='word_1_243' title='bbox 191 4145 321 4196; x_wconf 83' lang='lat' dir='ltr'>abundant.</span> <span class='ocrx_word' id='word_1_244' title='bbox 334 4143 383 4192; x_wconf 85' lang='lat' dir='ltr'>vid.</span> <span class='ocrx_word' id='word_1_245' title='bbox 398 4149 422 4189; x_wconf 83' lang='lat' dir='ltr'>et</span> <span class='ocrx_word' id='word_1_246' title='bbox 432 4156 495 4205; x_wconf 82' lang='lat' dir='ltr'>supr.</span> <span class='ocrx_word' id='word_1_247' title='bbox 512 4138 580 4203; x_wconf 72' lang='lat' dir='ltr'>meg.</span> <span class='ocrx_word' id='word_1_248' title='bbox 592 4141 617 4188; x_wconf 90' lang='lat' dir='ltr'>ii.</span> <span class='ocrx_word' id='word_1_249' title='bbox 628 4157 687 4190; x_wconf 80' lang='lat' dir='ltr'>vers.</span> <span class='ocrx_word' id='word_1_250' title='bbox 740 4139 860 4206; x_wconf 81' lang='lat' dir='ltr'>rr&#39;prcprie</span> <span class='ocrx_word' id='word_1_251' title='bbox 872 4138 902 4188; x_wconf 80' lang='lat' dir='ltr'>de</span> <span class='ocrx_word' id='word_1_252' title='bbox 911 4139 992 4188; x_wconf 77' lang='lat' dir='ltr'>meris.</span> <span class='ocrx_word' id='word_1_253' title='bbox 1026 4140 1114 4189; x_wconf 71' lang='lat' dir='ltr'>Burri.</span> 
     </span>
    </p>
   </div>
   <div class='ocr_carea' id='block_1_8' title="bbox 0 0 1456 4980">
    <p class='ocr_par' dir='ltr' id='par_1_9' title="bbox 0 0 1456 4980">
     <span class='ocr_line' id='line_1_34' title="bbox 0 0 1456 4980; baseline 0 0"><span class='ocrx_word' id='word_1_254' title='bbox 0 0 1456 4980; x_wconf 95' lang='lat' dir='ltr'> </span> 
     </span>
    </p>
   </div>
  </div>
 </body>
</html>
