2896 4980
468 326 730 393 HEROIDES.
754 325 825 391 ΕΡ.
848 326 959 397 ΧΙΧ.
1182 332 1251 401 m

210 496 306 575 lloee
324 522 469 574 merum
487 502 613 574 nutrix
631 499 773 576 faustos
791 500 947 575 instillet
963 503 1001 575 in
1018 503 1147 600 ignes:

254 616 428 716 Crasque
445 618 583 693 erimus
601 619 740 717 plures,
760 617 894 715 inquit,
914 628 953 691 et
970 618 1053 717 ipsa
1070 622 1178 699 bibit.

209 732 320 811 Effice
336 759 407 809 nos
424 735 564 834 plures,
582 735 704 809 evicta
721 757 788 832 per
805 757 958 831 {equora
974 735 1116 833 lapsus,
1176 745 1247 817 155

253 848 287 923 0
305 850 458 950 penitus
475 851 686 925 totocorde
703 860 856 948 recepte
872 849 977 924 mihi.

206 962 250 1041 ln
263 976 332 1041 tun
347 976 474 1041 castra
489 967 581 1053 redi,
601 968 693 1042 soeii
710 968 880 1041 desertor
896 967 1059 1043 Amoris.

251 1082 449 1158 Ponuntur
465 1085 590 1159 medio
608 1109 675 1159 cur
691 1108 778 1159 meu
794 1085 964 1159 membra
980 1087 1087 1161 toro?

203 1196 313 1283 Quod
328 1200 478 1287 timeas,
497 1211 659 1275 nonest.
688 1225 780 1275 auso
798 1198 928 1274 Venus
946 1201 1030 1298 ipsa
1046 1200 1206 1280 favebit:

251 1314 405 1391 Sternet
420 1328 459 1392 et
475 1341 682 1415 aequoreos,
700 1342 852 1416 aequnre
871 1328 971 1405 nata,
990 1319 1082 1394 vias.
1176 1326 1246 1397 160

203 1427 264 1507 Ire
279 1431 373 1507 libet
388 1433 553 1507 tumidas
571 1434 643 1532 ipsi
661 1433 752 1506 mihi
770 1457 871 1531 saepe
889 1457 956 1532 per
973 1436 1115 1513 undas:

252 1546 330 1621 Sed
347 1548 445 1623 solet
460 1549 532 1623 hoc
550 1549 716 1622 maribus
733 1549 852 1622 tutius
869 1574 954 1623 esse
971 1550 1119 1627 fretum.

202 1662 302 1741 Nem
317 1690 399 1751 cur,
417 1665 488 1739 hoc
506 1667 625 1741 vectis
644 1665 801 1763 Phryxo
820 1664 1044 1764 Phryxique
1061 1693 1199 1757 sorore,

251 1780 342 1857 Sola
358 1782 465 1857 dedit
481 1784 597 1858 vastis
615 1783 755 1856 semina
772 1806 907 1855 nomen
925 1784 1060 1880 aquis?

200 1894 371 1973 Forsitan
381 1899 431 1973 ad
448 1900 610 1974 reditum
624 1909 771 1972 metuas
782 1922 831 1973 ne
841 1908 1011 1998 tempora
1024 1901 1160 1991 desint,
1177 1907 1247 1979 165
1355 1949 1361 1962 ·

247 2014 326 2089 Aut
341 2017 482 2113 gemini
501 2040 669 2114 nequeas
687 2015 783 2091 serre
800 2014 937 2089 laboris
955 2042 1063 2091 onus.

198 2128 251 2206 At
265 2157 335 2209 nos
352 2133 490 2209 diversi
509 2136 676 2211 medium
695 2132 872 2207 coiiamus
890 2133 928 2207 in
946 2159 1096 2232 aequor:

247 2246 445 2347 Obviaque
463 2252 502 2325 in
520 2252 679 2326 summis
697 2250 829 2324 oscula
845 2251 979 2326 demus
997 2251 1126 2349 aquis:

228 2544 283 2595 153.
307 2543 435 2609 lutitiae]
461 2546 502 2595 Ita
523 2546 633 2596 meliores
654 2562 694 2594 co·
749 2564 794 2597 cuo
811 2546 882 2603 lecto,
896 2555 921 2595 et
938 2545 962 2594 iu
980 2544 1058 2594 medio
1074 2554 1125 2593 toro
1143 2544 1248 2593 membra

197 2614 271 2669 dim.
749 2636 845 2685 ponere.
862 2621 914 2686 ejus
924 2634 1004 2669 versus
1014 2625 1084 2667 sunt:

231 2692 286 2743 155.
315 2693 399 2743 Edicto
416 2711 459 2757 per
477 2696 588 2760 equore]
617 2696 699 2745 Ericta
783 2693 1247 2750 Hostibuseueniatoocuodormiracubili,

198 2767 476 2834 Μιιιωιᾶοιιιρεηιιι.
484 2771 632 2819 affictam.
640 2771 697 2819 ⁷06.
815 2770 845 2818 Et
855 2772 925 2817 irradio
936 2770 982 2816 lete
991 2784 1073 2830 ponere
1082 2767 1179 2815 martra
1190 2776 1247 2815 toro.

295 2841 534 2909 Eoiner'tqrusretum.
1143 2840 1214 2888 Cror.

198 2910 283 2963 lint.
294 2914 331 2964 iii.
342 2915 393 2964 Od.
405 2917 447 2965 40.
784 2916 839 2964 164.
856 2915 908 2963 Solo
917 2918 979 2963 dedit
990 2917 1057 2962 nortis
1066 2911 1159 2978 semino
1169 2930 1249 2962 rromen

260 3014 392 3027 -——
402 2991 505 3039 Horrida
515 2993 596 3040 collidi
749 2988 833 3052 aquia]
852 2991 891 3039 Ab
909 2989 989 3045 Helle,
1008 2988 1072 3054 quod
1087 2987 1113 3036 in
1127 2987 1173 3036 hoc
1188 2987 1248 3036 mari

263 3062 565 3128 thoquoranavitae.
749 3064 843 3122 cecidit,
866 3065 1024 3126 Hellespontus
1043 3060 1177 3128 appellatus
1200 3070 1248 3111 est.

198 3132 411 3187 nmndvuer.
427 3139 494 3188 flac.
512 3138 547 3186 iii.
563 3140 621 3187 481.
638 3148 662 3187 et
673 3156 697 3185 v.
749 3137 821 3187 Cror.
880 3154 885 3163 ·

197 3210 254 3259 512.
269 3210 387 3261 dabimus.
404 3212 438 3261 itu
457 3229 512 3261 rnox
529 3214 584 3262 161.
623 3213 699 3261 Victor
783 3214 837 3262 165.
856 3213 962 3262 Forsitan
970 3215 1002 3260 od
1011 3214 1110 3260 redituro
1125 3213 1206 3259 metuis
1219 3226 1250 3261 ιιι

197 3298 319 3347 qum.
352 3286 441 3349 lapsus
451 3297 531 3336 auteur
549 3287 588 3336 hic
601 3302 643 3352 pro
654 3306 697 3335 no·
748 3288 930 3352 roboroden‘rrt]
945 3287 1036 3335 Metuo
1046 3287 1107 3335 bene
1114 3285 1252 3335 Putemus

197 3364 247 3407 tm
256 3358 360 3424 ponitur,
370 3375 425 3408 cum
442 3360 511 3409 aliter
527 3361 639 3425 navigare
654 3378 695 3409 no·
748 3369 773 3410 et
794 3361 895 3428 Regius.
928 3361 1024 3411 Deinde
1051 3371 1150 3423 tempora
1175 3363 1250 3409 desint

196 3436 241 3480 tet·
264 3442 292 3481 nt
308 3448 374 3498 supr.
393 3450 419 3482 r.
437 3435 480 3482 tt.
495 3437 606 3501 rinvtgare
622 3434 697 3505 dixit3
747 3436 812 3486 idem
834 3438 971 3487 Putennem
998 3452 1053 3486 curn
1080 3433 1161 3483 inultis
1187 3435 1251 3484 aliis·

195 3503 304 3555 sederim
321 3505 386 3556 idern
402 3508 532 3572 navigium,
544 3512 632 3567 navita,
643 3525 697 3560 vee-
747 3513 880 3563 Heinsius.
915 3514 1044 3562 llletnarut
1061 3522 1159 3573 temporo
1175 3512 1249 3558 desint

196 3584 233 3629 ια
245 3586 298 3629 eret
306 3580 424 3639 leander,
434 3581 556 3646 eleganter
572 3584 616 3633 hoc
627 3600 697 3633 voca·
748 3586 839 3651 Regius
849 3588 931 3637 codex.
948 3587 1043 3652 quodsi
1055 3601 1108 3634 mox
1119 3600 1186 3646 queas
1195 3600 1249 3648 pos-

195 3650 277 3703 butum
295 3655 377 3720 elegit.
395 3656 445 3705 vid.
465 3658 512 3723 Ep.
529 3675 556 3707 x.
571 3660 613 3709 65.
632 3659 696 3709 unde
746 3670 783 3710 set
800 3662 857 3725 legi,
869 3662 907 3710 vel
925 3678 967 3727 pro
984 3678 1020 3717 eo,
1036 3663 1110 3723 ponis,
1127 3657 1248 3721 placeret:

197 3726 333 3779 ruminat
343 3731 433 3781 codicis
441 3732 512 3780 lectio
520 3742 557 3782 est
567 3735 655 3782 efficta.
673 3746 697 3784 et
747 3736 858 3801 majorem
869 3736 932 3784 enirn
947 3736 972 3782 in
988 3732 1150 3798 complexibus
1166 3730 1248 3777 nmicoe

197 3801 226 3851 ld
237 3802 314 3868 Epist.
326 3806 373 3853 xxi.
385 3809 426 3855 84.
447 3808 535 3855 Burin.
747 3826 835 3857 moram
847 3810 938 3857 trabere
950 3820 1055 3860 euectus,
1065 3814 1170 3850 nreurere
1183 3809 1249 3866 pote-

229 3877 284 3927 150.
305 3879 431 3927 Ponuntur
439 3883 511 3929 mulio
520 3899 617 3930 crismeo
630 3900 696 3929 menr-
746 3892 783 3931 rat
793 3899 839 3931 non
850 3884 935 3931 auli-ns
944 3888 1042 3935 amator,
1050 3877 1095 3925 sibi
1103 3884 1196 3937 tempus
1207 3874 1249 3923 de-

195 3948 236 3998 lire
246 3953 323 4016 torol]
342 3954 482 4003 Execrabile
493 3965 544 4002 erat
555 3957 603 4008 boc
615 3972 695 4003 arnan·
746 3957 850 4004 futurum
862 3956 892 4003 ad
905 3952 1051 4000 redeundum
1061 3968 1068 4007 ;
1085 3957 1109 3996 et
1116 3962 1250 3997 sarcasmus

196 4023 272 4074 ritu:
300 4025 381 4092 itaque
402 4028 504 4077 Ovidius
525 4029 574 4094 ipse
599 4029 643 4078 lib.
668 4029 695 4076 ii.
747 4030 876 4093 elegantior
903 4027 997 4074 inesset.
1049 4023 1141 4069 Metrias
1168 4031 1249 4071 tamen

196 4095 359 4165 monog.
372 4118 395 4150 ι.
409 4117 464 4149 cunr
482 4102 570 4150 malum
591 4101 697 4151 hostibus
747 4112 818 4151 recte.
840 4102 888 4150 vid.
910 4097 987 4161 Epist.
1009 4098 1027 4146 i.
1048 4096 1089 4144 77.
1111 4102 1136 4143 et
1153 4094 1187 4145 iv.
1205 4100 1248 4147 56.

196 4168 346 4237 imprecatu,
356 4182 423 4239 optet
434 4189 489 4222 eum
506 4174 606 4223 dormire
619 4176 643 4220 in
655 4191 695 4223 va·
748 4176 836 4221 ΒινιιιιΔ
976 4202 996 4235 ,
