2896 4980
197 367 243 433 48
494 364 532 429 P.
556 362 718 432 OVIDII
740 364 952 433 NASONIS

199 540 314 614 Victa
329 562 472 640 precor,
491 538 727 638 genibusque
744 540 818 613 tuis
836 541 977 638 regalia
992 541 1107 617 tendo

252 657 426 731 Brachia.
458 656 550 753 quid
569 656 715 743 deceat,
735 680 809 730 non
825 657 929 731 videt
944 657 1043 731 ullus
1061 681 1212 734 amans.

200 774 406 873 Depuduit,
425 773 682 873 profugusque
700 774 820 871 pudor
843 798 912 847 sua
929 774 1037 871 signa
1053 775 1252 875 relinquit.

251 891 312 965 Da
327 891 473 965 veniam
491 890 612 976 fassae,
632 890 801 987 duraque
819 890 933 963 corda
950 890 1073 964 doma.
1175 895 1252 967 156

199 1006 283 1092 Quo
301 1007 403 1087 mihi.
423 1007 526 1103 quod
544 1005 701 1102 genitor,
716 1005 781 1101 qui
800 1006 973 1103 possidet
988 1030 1154 1103 aequora,
1170 1006 1253 1081 Mi·

248 1122 359 1208 Quod
376 1124 527 1196 veniant
544 1121 671 1219 proavi
690 1119 845 1195 fulmina
861 1133 959 1194 torta
974 1122 1109 1196 manu?
1136 1123 1253 1219 [nosl

197 1238 309 1324 Quod
327 1240 377 1313 sit
394 1262 497 1324 avuS,
517 1236 630 1310 radiis
649 1235 808 1308 frontem
825 1236 983 1325 vallatus
1000 1237 1135 1325 acutis,

248 1356 443 1455 Purpureo
460 1354 630 1451 tepidum
648 1352 715 1449 qui
734 1361 858 1427 movet
874 1332 945 1449 arie
963 1340 1091 1427 diem?
1175 1358 1254 1429 160

198 1471 385 1547 Nobilitas
404 1470 477 1543 sub
497 1494 622 1544 amore
635 1472 752 1567 jacet.
789 1470 964 1544 miserere
982 1471 1168 1568 priorum:

249 1586 312 1673 Et,
331 1586 424 1660 mihi
442 1588 474 1659 si
492 1610 566 1660 non
582 1587 638 1660 vis
657 1610 823 1685 parcere,
843 1611 956 1686 parce
974 1587 1081 1661 meis.

200 1703 271 1776 Est
290 1703 380 1776 mihi
397 1703 532 1777 dotalis
550 1704 674 1790 tellus
693 1701 717 1776 J
720 1704 798 1777 ovis
817 1705 949 1791 insula,
970 1704 1107 1779 Crete:

249 1819 395 1893 Serviat
414 1817 622 1918 Hippolyto
640 1818 745 1915 regia
762 1829 840 1893 tota
857 1844 954 1893 meo.

232 2046 288 2095 158.
307 2044 416 2108 Procri]
434 2044 509 2109 Atqui
526 2044 598 2109 vulgo
615 2044 696 2093 Minos
746 2044 858 2094 Bourdel.
869 2045 928 2095 dicit
939 2045 1066 2111 AEthiopes
1081 2043 1200 2094 radim
1211 2045 1251 2097 in·

197 2119 261 2169 filius
269 2117 337 2168 lovis
346 2117 457 2174 ereditur.
468 2134 524 2183 ergo
533 2118 626 2183 Jupiter
637 2134 696 2167 avus
744 2128 793 2168 star
803 2120 852 2169 tela
859 2120 932 2186 capiti
943 2119 1097 2175 circumdare,
1108 2130 1133 2167 et
1143 2118 1189 2169 hoe
1199 2120 1253 2171 illis

197 2192 305 2242 Phaedra)
322 2192 377 2241 erit.
397 2192 439 2241 sed
460 2208 514 2241 curn
532 2192 580 2241 duo
599 2192 697 2241 Minoes
745 2193 821 2242 vicem
840 2194 960 2242 l‘hnretrae
982 2203 1104 2258 prestare.
1125 2201 1150 2241 et
1171 2193 1250 2245 Clan-

196 2268 293 2323 suenus,
315 2275 341 2315 et
360 2266 479 2316 secundus
500 2266 606 2330 Lycaste
633 2265 697 2314 filius
745 2267 981 2333 dian.1dyll.iv.de
994 2268 1082 2317 Nubis.

196 2340 280 2407 prioris
296 2341 387 2407 Nepos,
398 2340 484 2405 poterit
499 2340 592 2406 Jupiter
602 2338 697 2404 longius
779 2342 810 2391 Et
820 2360 876 2408 gere
884 2345 1009 2405 compositis
1016 2345 1102 2391 edun
1109 2343 1200 2391 vellete
1210 2358 1251 2393 es·

193 2412 606 2479 ,aPhredraquidernremoverinec
615 2422 697 2461 tamen
810 2420 884 2482 ginis.

193 2507 293 2553 ponens
313 2488 369 2545 dici,
390 2487 433 2537 sed
458 2490 561 2537 Alanus:
589 2488 697 2552 quamvis
747 2489 1132 2555 UtrecteHeinsiusrestitnitpro
1141 2490 1247 2550 aelatus,-

196 2564 277 2615 Poitn
288 2565 330 2613 hos
340 2563 428 2629 gradus
443 2572 493 2611 tam
509 2562 635 2627 diligenter
649 2579 695 2612 non
745 2566 808 2630 quod
819 2567 917 2615 verbum
928 2573 953 2613 et
963 2563 1002 2613 hie
1013 2573 1113 2629 quatuor
1122 2562 1251 2615 codicibus

195 2640 320 2688 observare
342 2636 475 2693 videantur,
492 2636 564 2685 immo
584 2652 628 2685 uec
648 2636 696 2703 ipsi
745 2638 873 2689 insederat.
907 2639 998 2687 Bonas.

196 2728 259 2779 serpe
277 2710 399 2767 Haurici,
410 2709 459 2761 vid.
480 2711 511 2761 ad
532 2711 597 2761 Vell.
613 2713 694 2761 Pater.
781 2715 835 2763 160.
853 2714 900 2768 Qui
909 2714 1005 2777 monet]
1025 2710 1189 2761 Menteliznus
1203 2728 1250 2778 pro

195 2784 212 2834 i.
223 2788 248 2834 2.
281 2785 402 2835 conlundi
413 2801 467 2834 vero
478 2784 538 2835 duos
548 2785 644 2835 Minoas
653 2786 695 2835 do-
745 2787 839 2837 diversa
855 2787 965 2845 lectione,
976 2789 1046 2836 tells.
1058 2796 1085 2835 ut
1098 2785 1123 2833 in
1132 2783 1217 2836 Amor.
1229 2786 1250 2838 i.

196 2860 246 2909 cuit
257 2859 351 2925 egregie
368 2859 531 2909 Broukhusius
542 2859 573 2909 ad
586 2861 694 2926 Propert.
745 2861 796 2910 xiii.
808 2863 834 2910 2.

195 2933 232 2983 iii.
240 2935 309 2998 Eleg.
318 2933 375 2983 xvii.
385 2951 409 2982 v.
420 2935 461 2983 21.
471 2934 512 2984 sed
526 2936 628 2983 Proetus
641 2952 695 3001 pro·
774 2935 847 2984 Flam
855 2938 988 2997 pneinotaoe
998 2950 1045 2996 pua
1056 2933 1117 2981 velit
1127 2950 1169 2982 ore
1178 2935 1249 2985 diu.

195 3008 246 3072 prie
256 3023 351 3073 quoque
363 3006 469 3056 Phaedre
480 3008 528 3057 dici
539 3017 616 3074 potest
625 3010 641 3059 J
643 3010 694 3075 upi·
744 3010 809 3059 Fast.
819 3010 853 3058 iii.
864 3010 922 3058 518.

195 3088 231 3128 ter
251 3090 362 3129 matrem:
391 3081 520 3147 Pasiphae·
544 3081 607 3130 enim
628 3092 696 3148 pater
761 3083 996 3147 l'mpnreruurnpldo
1005 3083 1045 3144 qui
1055 3082 1115 3129 velit
1126 3097 1167 3128 axe
1176 3081 1249 3131 den.

196 3153 245 3210 Sol,
253 3163 278 3202 et
288 3153 358 3218 hujus
364 3152 467 3219 Jupiter.
485 3165 509 3203 et
519 3171 621 3220 sequens
628 3155 695 3204 disti·
1157 3154 1251 3205 Burrus.

197 3227 259 3274 chon
285 3225 375 3275 indicat
399 3228 520 3276 Nasonem
547 3229 591 3278 hoc
618 3230 696 3295 potius
780 3232 835 3280 16³.
856 3230 1077 3293 Estmilidotallnj
1097 3228 1122 3277 Si
1130 3228 1192 3277 banc
1202 3244 1249 3277 vo·

198 3299 696 3364 stemmaetegisse‚quiainalterontinoes
745 3322 796 3355 cern
818 3305 916 3370 vulgato
936 3320 1006 3353 sensu
1027 3305 1127 3352 velimus
1153 3317 1251 3368 capere,

198 3373 310 3421 confundi
327 3373 443 3422 solebant.
460 3385 564 3424 ceterum
582 3376 606 3424 in
623 3378 695 3426 Fran·
745 3389 902 3444 consequetur
920 3378 1015 3427 Cretam
1032 3377 1106 3426 t'uisse
1122 3376 1147 3424 in
1165 3374 1250 3427 dotem

198 3446 324 3496 eofnrtensi
340 3447 423 3497 codice
437 3458 512 3497 erata
525 3466 596 3500 manu
612 3452 695 3516 prima,
745 3453 852 3501 Phaedra
863 3453 953 3505 datam,
965 3451 1027 3515 quod
1045 3467 1123 3515 neque
1139 3458 1250 3501 veterum

199 3520 291 3569 Pronus
296 3520 404 3584 jirlmr'nn
421 3525 485 3570 mesu
502 3541 579 3572 muno.
600 3524 696 3589 elegan-
746 3526 871 3591 quisquam
880 3526 985 3581 tradidit,
992 3542 1070 3591 neque
1079 3523 1129 3573 fieri
1136 3524 1251 3589 potuerit,

198 3594 297 3644 tissime.
315 3603 340 3643 et
350 3595 384 3643 ita
397 3596 486 3644 Pronvu
498 3608 587 3659 tropea,
599 3599 695 3665 Proper·
746 3616 800 3647 cum
813 3599 890 3647 Minoi
905 3607 968 3647 esset
978 3599 1041 3648 filius
1052 3597 1194 3655 Deucalion,
1205 3599 1250 3663 qui

198 3668 232 3717 tio
253 3669 296 3717 lib.
316 3669 347 3717 iv.
368 3668 402 3717 xi.
424 3672 466 3718 29.
485 3686 586 3720 asserere
603 3672 697 3721 volebat
746 3673 790 3739 ipsi
807 3674 932 3729 suecessit,
951 3681 976 3721 et
993 3674 1028 3721 illi
1048 3674 1119 3722 frater
1137 3672 1251 3730 Catreus,

199 3743 319 3800 Bartlrius,
336 3758 383 3792 non
403 3745 518 3809 probante
537 3746 694 3795 llroulrhusio.
747 3749 801 3797 huic
818 3765 873 3797 vero
889 3749 1032 3796 Idomeneus
1048 3745 1205 3796 Deucalionis
1220 3746 1250 3795 sr-

198 3821 287 3869 Bunrs.
746 3822 800 3871 lius.
820 3839 844 3869 v.
862 3820 962 3870 Illeursii
979 3821 1076 3870 Cretam
1094 3821 1136 3868 lib.
1148 3818 1183 3867 iii.
1194 3834 1251 3887 etp.

233 3895 289 3943 1⁵9.
317 3891 446 3956 Vallatus]
472 3892 607 3957 Eleganter.
629 3892 695 3957 qnasi
747 3898 771 3945 3.
792 3904 816 3945 et
834 3898 857 3944 ⁴.
877 3906 991 3960 praterea
1009 3902 1121 3944 notarunt
1133 3893 1185 3959 jam
1203 3892 1250 3944 viri

198 3983 284 4017 corona
294 3967 394 4023 cinctus.
406 3967 439 4015 ita
458 3977 483 4016 nt
501 3967 561 4016 radii
578 3968 641 4017 acuti
661 3967 696 4015 illi
746 3970 809 4017 (loeti
830 3970 944 4018 llnroidas
961 3986 1008 4017 non
1025 3969 1139 4018 adtulisse
1155 3966 1252 4019 dotales

197 4041 297 4090 telorum
314 4040 418 4107 speciem
438 4042 569 4107 prebeant.
613 4043 644 4089 Et
663 4042 697 4091 ita
747 4052 820 4093 terras
828 4040 1250 4110 maritis,sedcontraprocosemiase

198 4114 316 4165 Lucienus
326 4116 356 4165 de
367 4116 505 4167 Salutione.
518 4133 544 4183 p.
554 4117 612 4167 605.
629 4115 696 4166 Edit.
745 4116 791 4166 sibi
803 4134 899 4183 sponsas
909 4118 1054 4174 muneribus,
1066 4132 1119 4182 que
1133 4113 1196 4164 dotis
1211 4113 1250 4163 ri·
