2904 4994
241 364 305 428 188
533 358 571 424 Ρ.
587 354 749 424 0less
773 358 983 426 NASONIS

241 537 315 610 Cui
332 535 432 608 colar
449 533 589 619 infelix,
609 546 674 607 aut
690 535 751 607 cui
769 534 956 632 placuisse
971 535 1165 610 laborem?

292 651 361 724 Ille
379 651 452 723 mei
470 650 593 724 cultus
611 650 744 723 unicus
762 662 891 723 auctor
910 651 1030 725 abest.

242 768 358 841 Molle
375 791 512 851 meum,
532 766 752 863 levibusque
770 790 833 838 cor
851 778 910 839 est
926 766 1098 840 violabile
1115 768 1224 842 telis:

289 884 339 958 Et
352 908 499 982 semper
517 907 651 956 caussa
660 895 730 968 est,
743 907 808 955 cur
825 907 896 979 ego
915 907 1064 981 semper
1074 907 1213 958 amem.
1232 890 1281 958 80

242 1001 329 1074 Sive
347 1001 400 1072 ita
417 1000 584 1073 nascenti
603 1000 724 1095 legem
741 1000 870 1073 dixere
888 1024 1054 1089 sorores3

190 1082 197 1193 i
290 1096 372 1190 Nec
391 1118 480 1189 data
497 1128 585 1189 sunt
602 1117 687 1189 vitae
704 1116 768 1190 fila
784 1141 914 1190 severa
930 1140 1045 1205 meae;

153 1262 173 1309 5-
243 1233 330 1308 Sive
349 1235 488 1307 abeunt
505 1234 630 1307 studia
648 1235 685 1306 in
702 1258 837 1321 morea,
858 1244 1031 1330 artesque
1049 1233 1261 1330 magistr-³23

191 1383 196 1417 ι
292 1349 488 1444 Ingenium
507 1350 615 1421 nobis
633 1351 744 1424 molle
762 1349 895 1423 Thalia
911 1348 1012 1422 facit.

241 1467 342 1551 Quid
360 1467 507 1553 mirum,
526 1468 655 1564 prirnae
674 1468 705 1539 si
724 1492 783 1540 me
802 1466 987 1562 lanuginis
1004 1475 1097 1538 oetas
1234 1468 1282 1538 85

292 1583 470 1668 Abstulit,
491 1594 605 1680 atque
623 1584 722 1669 anni,
742 1608 836 1681 quos
854 1584 909 1654 vir
927 1604 1051 1655 amare
1068 1582 1223 1679 potest?

274 1767 313 1812 79.
333 1766 402 1812 Molle
418 1785 489 1814 merem
503 1770 587 1815 leuibus
597 1785 634 1816 eor
649 1778 680 1816 est
691 1771 736 1814 tur·
820 1768 909 1814 Scilicet
931 1768 1048 1829 ingenium
1064 1766 1157 1825 plocide
1178 1766 1285 1813 nolim

242 1842 309 1887 labile
320 1841 390 1903 retia]
409 1843 443 1889 Tb
453 1859 492 1889 cor
501 1842 646 1907 producitur,
656 1852 738 1890 eontra
883 1841 911 1887 ub
921 1850 979 1895 orte,

241 1930 313 1978 quam
325 1913 392 1961 solet.
420 1915 490 1964 Certe
502 1920 588 1966 Noster
598 1916 669 1965 Trist.
678 1917 737 1964 libro
854 1914 884 1960 Et
892 1916 966 1961 studio
976 1912 1212 1960 morercmereuieuter
1221 1920 1285 1961 eunt.

242 2006 266 2036 v.
278 1987 347 2050 Eleg.
357 1987 407 2036 viii.
791 1988 872 2035 Posset
888 1996 968 2035 tamen
979 1995 1003 2034 et
1015 1986 1071 2049 legi,
1088 1988 1189 2048 unisque
1203 1988 1285 2051 ugie-

275 2062 346 2109 Motu
361 2078 399 2108 cor
416 2065 445 2110 ud
463 2064 553 2111 timidae
569 2067 600 2112 ric
617 2065 681 2112 habet
698 2065 738 2111 ille
788 2074 834 2120 tro,
852 2072 879 2112 ut
895 2063 925 2111 ad
939 2063 1048 2111 tuatim
1066 2062 1187 2110 referatur.
1205 2061 1284 2110 Haru-

304 2153 390 2197 preeee.
787 2156 850 2186 urus.
880 2136 968 2185 Durius
978 2136 1037 2184 illud
1047 2146 1150 2199 artesque
1160 2138 1283 2200 nogium,

242 2210 305 2256 Nam
316 2209 340 2256 iu
349 2208 390 2257 illo
398 2208 502 2274 ejusdem
510 2209 564 2257 libri
573 2209 738 2276 Elegiaprirna
786 2211 886 2266 scilicet,
897 2221 959 2267 rum,
971 2212 1007 2258 vel
1018 2211 1100 2274 fiam
1118 2225 1163 2257 nec
1180 2208 1284 2266 mollins,

243 2298 330 2347 anceps
341 2293 376 2331 eut
386 2282 512 2346 scriptura:
787 2286 850 2349 quod
865 2285 987 2351 Crispinus
1007 2285 1100 2340 retinet,
1115 2295 1220 2348 ortaque
1237 2300 1284 2333 ru·

274 2356 410 2422 Strongulot
422 2358 524 2404 inclunu
535 2358 607 2413 dolor,
617 2369 684 2420 otpue
699 2375 737 2405 cor
785 2364 886 2424 gistrum
904 2377 934 2409 an
950 2363 1027 2408 studio
1037 2361 1120 2407 uberim
1131 2358 1157 2408 in
1168 2369 1229 2408 erue
1238 2376 1284 2407 ιι·

307 2441 387 2479 estuat
399 2434 471 2480 intus.
785 2437 877 2499 gideon
897 2433 921 2483 id
940 2443 975 2482 est
994 2434 1156 2482 artesabeunt
1169 2433 1286 2482 inerte!

243 2505 305 2553 Cum
315 2505 340 2552 in
350 2504 479 2570 potioribus
495 2504 637 2552 membranis
653 2504 691 2557 sit,
702 2514 737 2550 ot·
788 2509 823 2556 vel
836 2526 883 2572 quo
898 2526 968 2557 sensu
980 2509 1030 2555 hoc
1047 2507 1165 2572 capienda
1175 2507 1223 2556 sint
1236 2506 1285 2556 rel·

242 2589 399 2640 praecurrerunt
411 2582 481 2626 intur.
494 2578 536 2626 sed
547 2577 669 2642 corripitur
680 2595 736 2641 quo·
787 2584 833 2631 lero
846 2583 979 2631 docuissent
990 2583 1033 2630 viri
1050 2581 1124 2629 docti.
1160 2584 1212 2646 Fgo
1227 2582 1285 2631 mel-

243 2670 289 2716 que
304 2654 373 2702 Pont.
384 2654 444 2701 libro
455 2652 472 2702 i.
483 2654 519 2701 El.
530 2654 562 2700 iv.
575 2653 604 2700 ad
618 2652 736 2707 llufinurn,
786 2658 842 2712 leur,

242 2735 266 2773 ct
287 2727 346 2775 libro
369 2746 392 2775 v.
415 2729 475 2775 Met.
495 2728 553 2774 Fun.
572 2728 602 2774 vi.
630 2725 738 2773 Ciceroni
982 2733 1206 2795 Artispuemogistro

242 2800 314 2848 etiarn
330 2802 353 2849 in
372 2804 475 2851 versione
491 2802 535 2849 loci
549 2801 676 2857 llonreriui,
689 2801 738 2862 lpse
822 2805 1008 2865 lugerriurunobis
1019 2806 1084 2851 merlle
1097 2805 1257 2869 Tboliosoeit.

242 2893 307 2922 serrum
318 2894 356 2923 cor
372 2881 446 2924 celeus.
480 2876 586 2924 lllartioli
597 2877 667 2923 etiarn
680 2875 738 2922 libro
790 2881 823 2928 Ut
832 2879 939 2926 'llraliam
951 2879 1085 2942 magistram
1101 2890 1179 2933 vocet,
1192 2880 1285 2943 elegan-

245 2967 267 2996 x.
279 2951 325 3013 Ep.
338 2969 377 2998 xv.
390 2962 413 2998 ct
426 2952 530 2998 :lusonio
547 2952 570 2998 in
583 2951 737 3014 epigramma·
789 2955 885 3005 tissime.
900 2970 951 3017 (puro
964 2970 1009 3000 non
1024 2954 1093 3000 modo
1111 2953 1233 3002 Poeticam
1247 2953 1282 3019 ip·

243 3023 282 3069 tis.
317 3027 396 3079 Quare
416 3040 430 3071 a
449 3025 552 3071 Nasonis
571 3040 641 3071 uranu
658 3023 739 3087 opinor
788 3046 837 3076 sain
849 3029 937 3081 ducuu,
948 3027 988 3074 sed
1000 3038 1024 3074 et
1038 3027 1146 3076 formavit
1164 3045 1249 3076 mores.
1260 3037 1285 3076 ut

242 3112 310 3141 csse:
789 3103 823 3149 iii.
837 3103 888 3149 ¹lrt.
902 3102 957 3147 Am.
969 3104 1027 3149 540.

279 3171 346 3215 lllolle
366 3173 427 3223 milri,
440 3174 564 3233 levibusque·
580 3189 617 3219 cor
627 3181 658 3217 est
670 3173 738 3217 riola-
825 3177 920 3240 lltjocil
933 3178 962 3222 ud
978 3192 1048 3221 errores
1064 3192 1101 3221 ors
1115 3193 1201 3238 quoque
1212 3185 1286 3222 noum

308 3245 351 3288 lule
363 3246 419 3290 lulis.
855 3268 912 3296 serus.

246 3314 298 3359 Nisi
321 3315 373 3377 quis
393 3317 483 3364 mavult
503 3318 615 3365 accedere
642 3319 740 3382 Mycillo
792 3327 821 3372 131
839 3342 906 3387 seqq.
926 3325 959 3370 ita
983 3325 1060 3370 Potiu
1079 3340 1142 3388 sarpa
1164 3325 1249 3373 Musas
1264 3333 1287 3372 et

245 3397 385 3449 ‹filslmssssllt
791 3399 849 3445 alios
869 3400 931 3444 llcos
947 3398 1069 3456 magistros
1085 3413 1139 3444 suos
1156 3410 1250 3447 vocant.
1263 3406 1287 3447 et

281 3462 349 3507 lllolle
360 3479 431 3508 meum
444 3465 566 3525 leuibrupru·
578 3483 616 3511 cor
627 3475 656 3510 est
671 3467 738 3510 riola·
791 3472 844 3518 lrinc
857 3471 937 3517 llorut.
949 3472 965 3516 i.
979 3470 1027 3517 (ld.
1041 3471 1104 3518 xxiv.
1213 3528 1217 3535 Ι

310 3540 353 3582 bile
366 3539 424 3583 telis.
619 3540 707 3585 llnrss.
855 3545 1086 3605 ——-—l'r·ucipe
1098 3548 1205 3608 lugubres

247 3611 292 3659 Ubi
306 3611 418 3674 Micyllus
429 3613 462 3658 ita
477 3612 584 3668 castiget,
597 3613 682 3660 luscio.
699 3613 740 3660 scd
826 3620 912 3665 t'urrtur
926 3620 1070 3679 lle-lpuneue.

246 3687 269 3733 in
283 3686 389 3733 Francos.
401 3685 481 3733 codice
492 3695 555 3733 erat:
795 3691 829 3738 lta
841 3693 959 3738 llucclrurn
972 3692 1094 3739 ‹lucentcru
1112 3694 1217 3740 cannino
1229 3691 1288 3738 vidit

280 3762 349 3807 Molle
361 3778 430 3806 rurum
446 3762 570 3821 lctibuupuc
581 3779 618 3807 cor·
630 3770 659 3807 est
674 3764 740 3808 riolo-
792 3766 855 3813 idern
868 3767 939 3813 l’u'etu
951 3766 975 3813 ii.
993 3766 1133 3813 (ul.xix.e1
1145 3767 1232 3813 Noster
1238 3768 1286 3812 ‹lie-

310 3840 353 3882 bilc
364 3838 422 3882 telin.
792 3850 876 3886 turueur
894 3844 994 3887 corocina
1014 3840 1156 3904 Cupidinem
1174 3856 1236 3904 saepe
1253 3839 1288 3886 in·

248 3913 280 3959 l't
291 3928 332 3958 nos
340 3912 389 3975 jain
401 3910 457 3957 olim
468 3909 506 3957 cdi
518 3910 659 3957 curavimus.
791 3913 866 3962 ducit.
879 3924 900 3960 ct
913 3914 992 3978 paullo
1003 3923 1057 3960 ante
1068 3915 1165 3979 Sappho
1176 3913 1250 3960 dixit:

278 3989 317 4034 83.
335 3988 385 4033 Siue
397 3989 479 4032 abeunt
496 3988 571 4031 uiridia
587 3988 609 4031 iu
622 4002 689 4032 rrwres
700 4003 738 4032 ur·
824 3992 853 4036 At
872 3991 924 4035 urilri
947 3990 1065 4052 Pegasides
1082 3991 1225 4037 blandissimo
1236 4004 1287 4037 cur·

246 4070 317 4122 terque
338 4060 479 4124 euergistron]
509 4060 626 4121 Magistro
648 4060 742 4109 omnino
856 4065 1025 4111 mirurdictuut.

246 4134 403 4182 scribendum.
439 4135 497 4182 Arte
507 4135 565 4184 Am.
576 4134 620 4183 lib.
633 4133 667 4182 iii.
679 4151 741 4185 vers.
793 4135 823 4183 Et
834 4136 867 4185 ita
878 4135 970 4185 millies.
1004 4137 1093 4185 Bunre.

247 4210 302 4257 545.
319 4208 342 4255 id
353 4207 429 4271 ipsum
441 4208 511 4257 dixit:
