2896 4980
373 306 597 376 Auonuu.
638 304 729 373 orn.
753 304 802 371 11.
823 304 857 391 2.
1072 307 1139 375 mo

100 482 287 570 Protinus,
306 491 349 555 ut
363 481 518 581 placuit,
537 480 634 567 misi,
654 479 871 577 scriptoque
888 479 1026 574 rogavi.
1112 485 1136 554 5

147 597 358 695 Rescripsit
374 596 534 694 trepidi,
554 594 590 667 N
593 619 642 668 on
659 595 760 680 licet,
779 594 843 666 illa
860 617 985 668 manu.

101 712 160 800 Et,
178 738 246 787 cur
263 736 338 786 non
355 713 478 799 liceat,
498 712 680 809 quaerenti
698 710 845 785 reddita
860 734 996 785 caussa
1012 722 1092 800 est;

148 827 259 914 Quod
278 828 434 901 nimium
451 827 612 902 dominae
630 850 721 900 cura
737 827 895 900 molesta
910 835 977 899 tua
993 836 1064 900 est.

103 943 141 1017 Si
159 945 274 1043 sapis,
292 943 316 1017 o
333 954 474 1029 custos,
493 942 620 1016 odium
638 941 745 1037 (mihi
763 940 893 1035 crede)
911 941 1044 1015 mereri

151 1059 306 1133 Desine.
334 1083 449 1157 quern
467 1058 599 1134 metuit
613 1059 788 1155 quisquc,
802 1060 945 1155 perisse
962 1056 1079 1155 cupit.
1096 1061 1141 1131 10

102 1173 167 1247 Vir
183 1198 336 1271 quoque
354 1198 428 1247 non
446 1174 617 1272 sapiens:
646 1173 739 1269 quid
756 1172 856 1246 enim
873 1196 1019 1247 servare
1036 1172 1139 1247 labo·

151 1288 264 1364 Unde
282 1289 386 1376 nihil,
407 1288 577 1386 quamvis
595 1312 669 1359 non
687 1299 827 1374 tueare,
847 1287 969 1385 perit?
1054 1289 1140 1383 [ret,

105 1406 180 1481 Sed
197 1416 306 1503 gerat
322 1405 384 1478 ille
402 1429 470 1478 suo
488 1428 631 1477 morem
648 1403 809 1476 furiosus
827 1403 964 1477 amori:

130 1604 134 1609 ,
150 1520 202 1595 Et
218 1530 377 1607 castum,
397 1521 524 1595 multis
542 1521 644 1617 quod
663 1520 798 1617 placet,
819 1543 902 1593 esse
920 1528 1040 1617 putet.

106 1632 203 1709 Huic
220 1634 357 1710 furtiva
372 1647 437 1709 tuo
454 1635 607 1709 libertas
625 1658 778 1708 munere
796 1634 925 1722 detur3
1099 1637 1143 1706 15

154 1750 279 1835 Quam
297 1751 445 1825 dederis
464 1751 529 1836 illi,
549 1750 682 1824 reddat
698 1760 740 1823 ut
757 1750 821 1824 illa
837 1749 917 1824 tibi.

107 1864 290 1940 Conscius
308 1889 393 1939 esse
410 1865 522 1938 velis:
551 1865 702 1939 domina
718 1875 777 1937 est
794 1865 959 1940 obnoxia
974 1889 1094 1940 servo.

154 1981 341 2055 Conscius
358 2006 442 2055 esse
460 1982 590 2056 times:
619 1981 854 2055 dissimulare
871 1980 972 2055 licet.

107 2096 257 2196 Scripta
272 2097 373 2194 leget
391 2121 540 2172 secum:
571 2110 727 2173 matrem
745 2098 891 2171 misisse
908 2108 1053 2196 putato.

154 2211 310 2287 Venerit
327 2214 495 2309 ignotus:
525 2216 722 2312 postmodo
740 2227 850 2289 notus
869 2224 942 2288 eat.
1097 2218 1147 2287 20

109 2326 185 2403 ibit
202 2328 250 2402 ad
269 2327 468 2414 adfectam,
487 2353 573 2426 quae
591 2356 666 2403 non
683 2330 888 2427 languebit,
908 2330 1065 2403 amicam

156 2441 311 2529 Visere;
336 2443 488 2539 judiciis
507 2468 607 2540 aegra
624 2446 672 2519 sit
689 2446 753 2518 illa
770 2446 856 2517 tuis.

138 2597 162 2647 Β.
178 2597 248 2652 Quod
262 2598 359 2646 nimium
373 2600 467 2647 domim
484 2615 541 2647 curo
558 2616 604 2646 mo-
653 2607 696 2646 tua
706 2596 829 2661 vigilantia
838 2596 962 2646 remiseris.
994 2596 1084 2645 Arrun.

108 2672 162 2721 lm
183 2681 226 2719 tua
245 2670 302 2733 ab]
332 2668 423 2720 Cenaeo
443 2671 602 2727 scribendum,
690 2674 727 2721 16.
745 2672 819 2725 Quam
829 2672 939 2733 dederis]
957 2670 1092 2719 Dsuttimoe
1102 2669 1150 2734 ayl-

109 2752 191 2792 tms.
224 2743 259 2792 Tb
270 2743 374 2797 atenim
391 2743 530 2794 inconcinne
540 2745 605 2795 duri·
654 2746 716 2793 labae
727 2743 880 2808 productione
899 2743 937 2792 hic
953 2744 1013 2792 bene
1030 2752 1055 2791 ct
1071 2742 1152 2791 multis

107 2825 188 2881 terque
196 2816 332 2881 geminetur
343 2817 505 2866 hoodisticlro.
517 2820 606 2869 Hurss.
655 2819 755 2872 Marius,
767 2816 821 2864 vido
832 2832 897 2881 supr.
909 2817 939 2865 ad
951 2817 1027 2881 Epist.
1035 2815 1078 2864 vii.
1089 2817 1131 2865 5³.

138 2890 164 2939 9.
180 2890 283 2954 curten]
304 2890 366 2940 Cum
382 2890 437 2940 odio
453 2892 607 2955 pronuntiari·
688 2894 729 2939 21.
749 2889 793 2937 lbt't
805 2889 1022 2955 utuelsertom,pnae
1038 2908 1082 2937 noa
1101 2892 1152 2938 lurr-

108 2963 173 3014 (lutn.
189 2966 226 3014 ita
242 2964 334 3014 Tertul.
349 2965 379 3014 de
397 2964 487 3015 Ponit
505 2982 561 3032 cap.
574 2967 606 3015 vi.
655 2966 742 3030 guobit,
760 2965 856 3011 amicum
891 2963 962 3012 Virnt.
976 2966 1076 3026 judicia
1092 2981 1154 3028 egro

658 3041 687 3087 rit
697 3038 737 3085 illo
748 3035 816 3098 luia]
832 3036 928 3087 Scribe:

597 3142 608 3152 -
691 3111 775 3160 lbitod
785 3109 907 3175 adfectum,
915 3127 963 3174 que
973 3127 1018 3158 non
1029 3111 1155 3176 languebit,

106 3186 168 3251 pit]
186 3186 243 3236 Non
253 3185 391 3235 dissimilem
403 3187 545 3236 reuoentiam
553 3203 609 3237 con·
754 3187 849 3233 amicam

109 3260 170 3311 tinet
178 3260 313 3309 trochaicus
323 3259 364 3308 ille
373 3260 511 3309 Ennium:
725 3259 816 3308 Visere?
825 3260 926 3323 judiciis
934 3276 997 3325 agro
1005 3262 1035 3308 rit
1045 3260 1088 3308 itta
1099 3263 1154 3309 tuit.

143 3332 215 3389 Qum
224 3343 341 3389 mount,
347 3336 458 3383 odorum:
474 3352 539 3398 qoem
548 3337 608 3397 pais·
659 3332 707 3383 Ibit
716 3337 786 3382 oioerc
796 3332 941 3382 Grecismus
951 3333 1040 3391 Pons,
1052 3334 1156 3384 maxime

171 3423 217 3471 qu
225 3409 286 3463 odit,
296 3409 379 3470 parim
387 3411 478 3470 expetit.
512 3408 582 3458 Cror.
661 3407 791 3475 Propertio,
803 3406 933 3456 familiaris.
945 3407 975 3456 de
985 3423 1033 3472 quo
1044 3407 1075 3457 ad
1083 3408 1156 3458 Clau·

143 3480 182 3531 18.
198 3479 331 3545 Furtum]
344 3481 592 3547 Juuiauus,fumorut.
658 3484 753 3533 dianurr.
767 3482 792 3530 ii.
809 3482 834 3532 iu
844 3482 926 3531 Ruliu.
936 3484 977 3532 98.
993 3483 1085 3548 adfecto
1101 3487 1157 3531 omi·

144 3554 185 3603 1⁴.
208 3552 264 3603 Em
282 3555 370 3619 pum]
395 3556 472 3606 Vetus
490 3565 514 3605 et
534 3555 609 3605 verior
659 3574 738 3624 cupro
749 3573 820 3622 egra,
831 3565 936 3622 autqua
951 3557 1158 3622 scaegramsimu·

110 3624 189 3685 lectio,
199 3630 248 3691 ipso
259 3638 335 3691 putet.
352 3628 424 3679 habet
439 3630 610 3696 euimcmpha·
659 3631 703 3687 let,
715 3640 778 3680 recte
788 3631 883 3680 dicitur.
919 3631 1033 3681 l'ismorl
1049 3633 1156 3693 aliquem,

108 3700 147 3751 uin
156 3702 212 3765 ipre,
222 3701 293 3767 quui
302 3700 401 3759 diceret,
411 3703 499 3751 stultus
514 3712 539 3752 et
553 3702 610 3751 imi-
660 3706 732 3755 ctiam
743 3705 838 3770 elegans
848 3705 959 3769 loquendi
970 3705 1061 3761 modus,
1070 3704 1157 3752 Teren-

108 3772 192 3841 piem:
220 3790 280 3824 nam
297 3773 339 3823 alii
358 3773 402 3824 ltoc
422 3791 470 3824 uon
489 3784 609 3841 putarent.
660 3778 693 3828 tio
704 3779 837 3843 Plautoque
848 3795 896 3826 non
906 3778 1036 3841 neglectus.
1064 3776 1159 3824 Lucret.

109 3848 230 3899 Uarrus.
661 3853 703 3902 lib.
713 3851 748 3900 vi.
762 3853 834 3900 1236.

144 3922 185 3973 lb.
202 3920 307 3971 Pontos
324 3920 438 3983 liberm]
462 3922 541 3978 Quam
560 3920 612 3978 tibi,
695 3926 756 3974 Nom
766 3929 898 3988 poteramque
914 3939 963 3971 tuor
971 3922 1110 3986 fugitabant
1125 3926 1159 3971 oi·

110 3993 612 4061 quumminiroarpenrcmtqunsisur-
727 4000 902 4062 ser-eodegros.
1035 3995 1126 4045 linus.

112 4070 154 4119 rh
162 4067 360 4119 tmabitaerm
369 4084 470 4116 num.
502 4068 612 4116 Iuctiicii
664 4070 720 4119 l'irl.
732 4070 762 4118 ml
772 4070 848 4134 Epist.
859 4067 895 4117 iii.
910 4070 966 4117 104.

110 4140 265 4208 viomqmd
275 4139 312 4189 illi
326 4141 613 4206 prostiterimiquidrlc
696 4146 738 4193 22.
763 4143 877 4205 Indictis]
903 4142 1040 4206 legendum
1059 4152 1094 4193 est
1111 4158 1160 4193 onr-

994 4496 1319 4672 A
