2904 4994
464 320 686 390 AMORUM.
729 320 820 387 LIB.
837 320 887 386 11.
910 322 962 385 15.

1119 317 1256 384 ¹³81:

209 499 258 573 Dl
276 499 419 584 faciles,
438 521 617 596 peccasse
636 499 753 570 semel
770 495 967 569 concedite
984 504 1083 567 tuto:

255 614 300 688 ld
319 614 411 687 satis
428 624 510 687 est..
526 635 677 711 poenam
694 612 807 710 culpa
824 611 993 685 secunda
1008 608 1114 684 ferat.

555 1040 901 1115 ELEGIAXV.

205 1200 366 1284 Annulo,
386 1201 556 1289 formosae
574 1199 733 1328 digitum
751 1200 918 1271 vincture
935 1198 1082 1296 puellae,

446 1290 554 1333 bita
656 1279 691 1328 e?

138 1336 158 1366 ‘2
256 1315 302 1387 ln
321 1338 396 1412 qno
414 1300 645 1389 censendiim

664 1316 727 1400 nil,
747 1316 818 1387 nisi
837 1313 960 1387 dantis
979 1336 1098 1401 amor3

206 1429 347 1503 Munus
365 1454 429 1503 eas
448 1441 607 1526 gratum.
635 1441 674 1503 te
691 1430 780 1502 laeta
799 1438 924 1503 mente
942 1439 1137 1525 receptum

256 1546 433 1619 Protinus
451 1547 617 1620 articulis
635 1547 766 1619 induat
783 1546 848 1619 illa
864 1545 954 1618 suis.

203 1661 299 1735 Tam
317 1663 414 1735 bene
432 1663 643 1748 convenias,
656 1685 771 1759 quam
789 1685 937 1734 mecum
950 1657 1125 1732 convenit
1134 1657 1204 1744 illi;
1228 1658 1253 1728 5

256 1777 307 1852 Et
322 1778 482 1874 digitum
496 1781 600 1875 justo
618 1778 836 1851 commodus
855 1777 945 1849 orbe
963 1787 1074 1849 teras,

206 1890 327 1978 Felirr‚
346 1917 370 1966 a
386 1894 537 1966 domina
555 1892 787 1978 tractaberis,
807 1891 956 1977 annule,
976 1890 1117 1963 nostru.

256 2007 410 2081 Invideo
428 2009 536 2082 donis
549 2012 630 2106 jam
644 2009 758 2082 miser
775 2008 857 2106 ipse
875 2006 980 2080 meis

206 2121 240 2194 Ο
260 2124 403 2196 utinam
420 2123 499 2197 fieri
518 2125 642 2198 subito
661 2148 746 2199 mea
762 2148 917 2199 munera
934 2122 1075 2222 possim

255 2237 409 2312 Artibus
428 2240 553 2327 thais,
574 2242 815 2340 Carpathiive
833 2240 950 2315 senis!
1207 2240 1251 2308 10

204 2351 310 2427 Tunc
329 2379 399 2450 ego
417 2365 455 2428 te
473 2356 634 2431 dominae
653 2358 802 2456 cupiam
820 2356 990 2452 tetigisse
1009 2351 1181 2452 papillas,

256 2465 307 2542 Et
323 2469 454 2542 laevam
472 2473 608 2546 tunicis
623 2473 824 2546 inseruisse
838 2493 1002 2544 manum.

235 2684 275 2732 4³.
294 2684 412 2734 Concedite
430 2687 501 2749 tuta]
533 2687 596 2735 Tute
614 2688 701 2736 Putea·

203 2771 294 2804 neusa
315 2773 388 2806 mann
408 2758 523 2808 secunda.
544 2759 592 2808 duo
611 2760 702 2825 scripti,

203 2839 261 2878 voto.
274 2831 337 2895 quod
349 2831 445 2880 tortasse
457 2841 530 2888 recte,
541 2832 561 2880 si
573 2832 607 2880 ita
617 2833 701 2881 distin-

202 2919 274 2968 guas:

236 2978 269 3025 Di
283 2979 373 3042 faciles,
382 2994 482 3041 peccasse
497 2980 563 3026 semel
576 2983 701 3029 concedite:

269 3062 320 3099 voto

235 3123 264 3172 ld
282 3128 346 3172 sotir.
367 3135 392 3172 ot
409 3140 497 3186 poeaom
517 3127 585 3188 culpo
605 3128 703 3173 recurrito

259 3196 336 3260 serat.
581 3200 670 3247 Burin,

233 3270 258 3316 2.
269 3268 433 3334 Cenandum]
442 3270 703 3335 Spectandum,l'acien·

201 3342 268 3391 dum.
290 3343 362 3398 Cios,

233 3417 259 3464 4.
272 3415 384 3479 latriae]
416 3417 533 3483 Imponat.
554 3417 593 3466 Sic
610 3417 703 3468 Plinius

199 3487 243 3537 lib.
265 3489 346 3539 xxxiii.
368 3491 390 3538 l.
426 3491 549 3540 Pessimum
566 3494 618 3540 nite
632 3495 703 3542 scelus

192 3563 264 3626 feeit,
280 3567 318 3626 qni
335 3566 449 3612 annulum
468 3567 555 3627 prtum
573 3568 652 3614 induit
666 3569 702 3615 di·

198 3639 262 3699 gitta.
289 3638 403 3687 Manius.
429 3638 567 3704 legendnm
586 3654 646 3696 esse,
663 3645 703 3704 pat

200 3711 226 3757 id
234 3713 321 3770 primas
332 3713 417 3768 induit,
428 3711 453 3760 id
464 3721 500 3760 est
514 3727 605 3768 aurum,
615 3729 644 3762 ex
654 3730 702 3779 qno

201 3784 310 3842 annulus,
331 3802 361 3834 ex
381 3786 451 3835 MSS.
470 3787 539 3835 docet
557 3786 702 3838 Hardninus.

200 3857 258 3906 nhc
273 3859 442 3917 verosimiliter,
464 3860 498 3908 ita
518 3860 581 3908 idern
604 3861 702 3926 scriptor

201 3929 244 3979 lib.
262 3931 351 3979 xxxvii.
366 3933 391 3980 6.
411 3933 524 3981 Claudius
545 3934 620 3982 Cesar
636 3934 702 3981 Zma-

199 4005 282 4067 ragdos
288 4006 432 4061 induciata
438 4005 605 4069 Sardonychas.
614 4007 703 4056 Burin.

235 4078 272 4125 10.
284 4080 377 4127 Artibus
387 4079 477 4142 Eleia]
505 4078 534 4126 ld
548 4088 584 4128 est
598 4080 703 4145 magicis.

203 4158 230 4199 nt
240 4151 294 4201 libr.
305 4151 340 4201 iii.
352 4153 477 4202 Amorum:

784 2689 831 2736 Ant
845 2696 867 2735 te
880 2688 982 2747 trajectis
997 2685 1061 2731 AEaeo
1077 2680 1176 2743 venefica
1193 2680 1253 2730 lartio

817 2761 923 2808 Deronet.

751 2832 797 2882 Sed
813 2832 884 2896 longe
900 2830 984 2880 rnclins
1002 2829 1026 2878 in
1042 2827 1201 2894 manuscripto
1211 2845 1251 2878 co·

751 2906 805 2955 dice
815 2906 909 2970 legitur,
918 2905 986 2959 AEue,
998 2902 1022 2951 id
1039 2911 1075 2952 cst
1092 2902 1180 2960 Circes,
1191 2903 1252 2952 Solis

752 2997 781 3028 ex
793 2981 865 3028 Persa
876 2978 980 3044 nympha
993 2977 1062 3028 filia:
1080 2992 1132 3042 qnae
1150 2977 1175 3025 in
1191 2977 1253 3026 feras

753 3053 829 3102 varias
836 3051 942 3100 homines
952 3052 1066 3105 mutabat,
1073 3058 1100 3098 nt
1110 3049 1135 3097 in
1144 3049 1252 3115 Odyssea

753 3126 817 3174 canit
826 3125 953 3174 Homerus.
971 3123 1042 3174 Unde
1050 3123 1075 3173 in
1086 3122 1170 3172 Bucol.
1182 3123 1253 3173 Maro

753 3200 836 3264 Faelog.
846 3198 897 3247 viii.
911 3199 950 3247 70.

787 3275 930 3322 Carminibus
963 3273 1028 3321 Circe
1054 3274 1122 3321 socios
1154 3276 1252 3323 mutavit

821 3347 914 3411 Ulyrair.

752 3419 838 3468 Sedcm
861 3420 943 3470 hahuit
963 3419 1026 3469 haud
1047 3420 1116 3484 longe
1132 3436 1148 3469 a
1168 3420 1253 3487 Cajeta

753 3493 890 3559 Campaniae
917 3496 983 3552 urbe,
1004 3503 1108 3544 montem
1124 3497 1253 3560 quendam,

752 3566 808 3614 olim
828 3568 945 3617 insulam:
974 3568 1014 3632 qni
1035 3569 1066 3617 ab
1087 3569 1139 3632 ejus
1159 3570 1252 3618 nornine

753 3640 858 3690 Circaeos
875 3659 942 3691 mons
958 3642 1059 3691 dicitur:
1078 3653 1102 3692 et
1119 3644 1195 3691 AEmoe
1212 3638 1262 3708 (nt'

751 3714 846 3764 Servius
868 3715 914 3778 ait)
936 3717 966 3764 ah
987 3715 1162 3780 aspernantium
1183 3730 1250 3771 voce,

752 3797 846 3854 propter
856 3788 988 3837 celebratas
1001 3787 1050 3834 illic
1068 3803 1189 3851 corporum
1200 3804 1252 3836 mn·

752 3859 860 3909 tationes.
895 3861 944 3908 Alii
959 3871 1037 3908 tamen
1054 3860 1145 3913 volunt,
1158 3860 1251 3908 &am

752 3931 843 3982 dictum
860 3934 931 3982 luisse
949 3933 1033 3980 Circen
1049 3933 1080 3979 ab
1100 3931 1185 3987 insula,
1202 3933 1251 3981 sive

753 4007 848 4071 oppido,
869 4007 932 4070 qnod
948 4012 998 4054 erat
1013 4007 1081 4069 juxta
1099 4004 1201 4054 Phasin:
1222 4007 1251 4055 de

754 4095 801 4143 quo
811 4079 927 4145 Apulcjns
937 4080 961 4127 in
973 4079 1064 4141 hragra.
1088 4079 1201 4130 Maurus.
