2896 4980
194 350 240 416 ³2
485 349 525 416 Ρ.
548 346 710 416 OVIDII
732 351 944 421 NASONIS

197 521 349 621 Perque
357 533 462 597 tuum
473 535 716 625 nostrumque
725 539 938 626 caput‚quae
943 528 1244 627 junximusuna;

248 637 397 735 Perque
414 649 497 712 tuos
515 662 637 727 cnseo,
657 642 808 737 cognita
823 645 899 718 tela
915 646 1031 733 meis3

198 755 313 829 Nulla
330 754 567 853 Mycenaeum
585 756 749 831 sociasse
766 759 904 834 cubilia
920 784 1067 835 mecum

246 870 905 950 Jur0:fallentemdesemissevelis.
1170 879 1249 949 110

198 987 240 1061 Si
258 989 324 1063 tibi
342 1013 440 1062 nunc
459 989 605 1063 dicam:
628 989 856 1076 Fortissime,
874 1000 915 1066 tu
934 1015 1085 1090 quoque
1097 993 1199 1089 jura,

246 1103 362 1179 Nulla
376 1106 446 1179 tibi
465 1105 544 1179 sine
563 1129 624 1178 me
642 1107 779 1201 gaudia
795 1106 914 1181 facta:
935 1131 1063 1204 neges.

201 1218 254 1293 At
271 1219 394 1295 Danai
411 1244 568 1294 moerere
586 1231 731 1318 putant.
760 1222 828 1295 tibi
846 1223 995 1321 plectra
1012 1233 1233 1299 moventur:

244 1335 299 1410 Te
316 1347 421 1410 tenet
440 1336 479 1408 in
498 1335 624 1434 tepido
642 1337 762 1410 mollis
781 1337 902 1412 amica
917 1338 1013 1412 sinu.

197 1452 247 1526 Et
264 1454 296 1525 si
314 1453 399 1551 quis
417 1463 572 1549 quaerat,
592 1476 707 1550 quare
725 1477 891 1552 pugnare
909 1476 1081 1528 recuses:
1170 1456 1245 1527 115

246 1567 382 1664 Pugna
391 1580 519 1644 nocet:
534 1570 869 1668 citlrarae,voxque‚
881 1569 1086 1667 Venusque
1091 1570 1243 1666 juvant.

195 1683 329 1757 Tutius
348 1696 407 1758 est
418 1686 585 1782 jacuisse
601 1697 694 1772 toro,
713 1686 880 1760 tenuisse
897 1686 1073 1784 puellam,

248 1797 458 1874 Threiciam
476 1801 602 1896 digitis
620 1801 850 1900 increpuisse
866 1802 998 1899 lyram,

198 1913 321 1999 Quam
335 1916 506 1989 manibus
519 1917 686 2014 clypeos
702 1928 741 1990 et
753 1927 872 1989 acutae
886 1916 1052 2014 cuspidis
1066 1917 1228 2000 hastam,

249 2029 299 2102 Et
316 2031 461 2128 galeam
479 2018 610 2130 pressei
622 2032 843 2106 sustinuisse
856 2056 976 2106 coma.
1169 2034 1243 2102 120

199 2146 277 2220 Sed
294 2147 362 2220 tibi
380 2172 447 2245 pro
464 2150 553 2221 tutis
572 2148 732 2245 insignia
748 2147 849 2222 facta
866 2149 1086 2247 placebant:

249 2260 439 2359 Partaque
456 2264 629 2337 bellando
647 2264 764 2360 gloria
780 2264 899 2339 duleis
917 2275 1008 2337 erat.

196 2376 256 2450 An
269 2391 427 2466 tantum,
443 2380 532 2452 dum
545 2406 606 2454 me
620 2406 788 2480 caperes
803 2380 881 2453 sera
892 2382 992 2453 bella
1004 2377 1217 2478 probabas?

248 2494 422 2592 Cumque
440 2520 525 2568 mea
542 2496 662 2594 patria
678 2498 759 2570 laus
777 2507 843 2571 tua
859 2496 958 2569 victa
969 2494 1098 2593 jacet?

229 2648 284 2697 109.
304 2649 377 2697 Nolle
390 2649 552 2714 stentem]
568 2650 620 2698 Hoc
631 2651 693 2700 idem
742 2651 779 2701 Tu
800 2651 896 2701 cithara·
911 2651 1036 2715 indulges:
1054 2665 1109 2699 nam
1127 2649 1245 2714 plectrum

196 2720 256 2770 dicit
272 2722 366 2771 Nestori
383 2722 546 2787 Agamemnon
564 2724 627 2789 apud
645 2725 694 2772 llo-
744 2736 787 2783 est,
796 2744 842 2792 quo
852 2727 940 2775 chorda
947 2726 1063 2789 tangitur:
1075 2724 1245 2791 interdumpm

195 2809 285 2843 merum
296 2794 354 2844 libro
364 2795 471 2861 superius
481 2795 562 2845 citato.
597 2796 667 2846 Cror.
743 2808 793 2850 tota
803 2800 893 2850 cithara
903 2801 1005 2867 ponitur.
1039 2800 1156 2848 llusrnr.

233 2870 288 2916 tlt.
313 2870 387 2917 Nullo
416 2872 456 2917 tibi
480 2873 528 2919 sine
553 2887 587 2918 me
606 2874 694 2936 gaudio
779 2877 833 2923 114.
863 2877 941 2923 Mollis
960 2874 1061 2937 enirn]
1100 2870 1244 2922 Diotnetlm

187 2940 280 3006 sacto]
292 2943 353 2992 Puto
362 2953 439 3007 pocta.
461 2943 515 2993 Art.
526 2945 608 2993 Amat.
744 2939 885 2988 Pborbantis
903 2941 975 2987 liliam
994 2939 1125 3002 significare
1141 2936 1245 2993 videtur,

229 3013 254 3060 Si
264 3017 376 3072 dederint,
384 3026 404 3064 et
417 3020 545 3081 norgaudus
554 3026 621 3079 poete
632 3020 694 3068 dete.
744 3029 793 3079 qua
803 3030 856 3063 curn
872 3030 897 3062 se
913 3014 1031 3062 delectare
1050 3011 1197 3059 consuerisoe
1208 3010 1245 3057 A·

195 3087 234 3135 Sic
254 3096 278 3135 et
291 3100 361 3150 poete
380 3100 453 3138 noctes
468 3091 530 3155 apud
549 3091 695 3156 Propertium
744 3087 848 3144 chillam,
869 3086 950 3136 ablata
970 3084 1137 3151 Hippodamia,
1161 3083 1246 3135 scribit

194 3157 229 3207 iv.
246 3161 315 3225 Eleg.
333 3164 358 3210 3.
375 3172 452 3227 potest
467 3173 492 3211 et
513 3163 610 3227 vulgata
631 3165 693 3214 terri.
744 3161 869 3211 Homerus·
904 3161 969 3209 Asr·

195 3232 327 3284 rinnau.
362 3234 438 3284 necte
459 3236 558 3285 nunni
583 3237 695 3286 uenum
779 3230 1245 3298 rrs.nnque1'enunue·]Amr¹·C¹¹-

196 3307 363 3370 conjecturam.
379 3325 433 3357 narn
450 3310 533 3358 Latine
551 3309 597 3358 dici
608 3314 695 3375 gaudio
744 3325 813 3375 perus
824 3310 848 3357 in
858 3309 932 3358 literis
942 3307 973 3356 ad
985 3306 1108 3354 Heinsium
1121 3304 1193 3353 etiarn
1204 3321 1247 3353 ece

188 3379 273 3445 secere
279 3382 337 3446 jam,
349 3391 375 3430 ut
384 3382 513 3431 vindicaret
523 3383 646 3447 antiquum
657 3386 693 3433 in·
745 3385 867 3448 probabat,
890 3385 932 3432 sed
953 3382 1110 3447 conjungebat
1136 3395 1191 3428 curn
1208 3379 1245 3429 ci·

196 3460 329 3517 terpretem,
348 3454 450 3504 ostendit
469 3456 569 3504 Drusius
586 3457 617 3504 nd
637 3458 694 3507 Act.
744 3457 826 3512 thara,
837 3468 864 3506 nt
875 3460 967 3506 citiore
981 3465 1043 3504 esset
1053 3453 1150 3503 secundi
1167 3468 1246 3512 usus,

196 3525 281 3590 Apost.
295 3544 334 3575 xv.
344 3531 369 3577 ³.
378 3528 441 3578 Plin.
450 3529 491 3577 vii.
500 3531 541 3577 42.
561 3530 641 3578 Cetera
656 3549 693 3580 es·
745 3539 773 3578 ut
783 3530 846 3594 apud
856 3531 979 3580 Maronem
990 3529 1034 3577 lib.
1043 3529 1074 3577 vi.
1083 3528 1140 3576 646.
1158 3527 1246 3589 &usus

196 3600 269 3660 emplo
273 3599 494 3665 smirneiuriautis
505 3605 623 3651 innumero
632 3615 694 3654 sunt.
745 3604 877 3650 discrimino
898 3621 974 3652 tocrrrn
995 3601 1081 3650 fidibus
1105 3600 1200 3656 dantur,
1221 3611 1248 3653 et

197 3672 290 3721 Etenim
306 3692 353 3737 que
362 3676 425 3739 fecit
442 3694 525 3739 magno
540 3679 635 3740 gaudio,
652 3682 696 3727 nisi
746 3675 862 3724 Homerus
871 3677 939 3737 βοὴν
949 3676 991 3725 dat
1001 3676 1097 3724 cithare
1112 3684 1137 3723 et
1146 3675 1245 3738 φῶνην.

196 3760 223 3795 ts
234 3749 314 3795 stolis?
331 3749 453 3797 Paulliuus
465 3749 547 3797 Natali
559 3749 600 3797 vii.
608 3751 684 3815 princ.
745 3748 787 3796 sed
799 3747 849 3796 hrec
861 3751 890 3798 ab
901 3750 1020 3798 Ovidiana
1034 3748 1182 3814 simplicitate
1194 3747 1246 3799 lon·

219 3820 695 3889 istoirreetnsrennobispinguudioletum
746 3820 906 3885 gimbtunl·
940 3824 1030 3871 Busti-

216 3895 696 3962 Versocit,etcedit,pulsisopectorecuris,
782 3895 836 3940 124·
861 3895 923 3942 Imus
944 3906 984 3943 tuo
1005 3899 1065 3944 dcta
1079 3895 1169 3959 jacet]
1194 3895 1246 3943 Tibi

214 3970 308 4028 Mirm,
319 3972 388 4019 hiems
397 3973 478 4019 animi.
747 3970 808 4016 victo
820 3968 879 4017 alter
888 3969 1056 4019 Scriverianus.
1069 3982 1093 4019 et
1108 3970 1244 4018 Helmstad.

197 4043 305 4093 Itacnirn
314 4044 376 4094 malo
382 4045 460 4110 legere
466 4060 538 4111 quam
548 4043 696 4110 perficiunt,
746 4041 819 4106 paulo
830 4042 959 4092 venustius.
978 4043 1119 4112 l'id.lipist.
1127 4042 1175 4092 viii.
1190 4043 1245 4092 100.

196 4120 264 4166 sedit.
295 4118 385 4167 Bonas.
748 4115 880 4166 Heinsius.

232 4191 288 4241 11³.
307 4190 357 4240 Tibi
365 4190 601 4257 plectrsmotsstur.]
615 4191 696 4252 idest,
