2896 4980
193 324 262 393 tm
484 324 527 389 P.
552 320 714 389 ovlml
738 320 952 387 NASONIS

198 496 273 573 ch
289 521 362 595 ego
378 509 553 572 ventosas
571 509 723 572 nantem
741 496 922 595 delphina
937 519 1006 594 per
1023 497 1143 572 undas

248 613 414 688 Cernere
431 637 507 687 non
524 613 643 687 dubia
660 638 745 686 sum
763 612 855 687 mihi
872 610 953 686 visa
969 611 1057 687 fide.
1115 654 1118 659 ·
1167 618 1230 687 200

199 728 335 816 Quem,
354 738 556 827 postquam
573 729 713 803 bibulis
731 728 836 801 illisit
852 728 990 801 fluctus
1008 728 1152 818 arenis;

249 844 363 920 Unda
378 844 489 919 simul
506 844 684 917 miserum
701 844 853 941 vitaque
871 843 1054 918 deseruit.

199 960 394 1059 Quidquid
411 960 450 1033 id
468 971 538 1046 est,
557 961 685 1035 timeo.
713 984 784 1034 nec
798 971 840 1034 tu
859 984 944 1034 mea
960 960 1108 1035 somnia
1124 960 1216 1036 ride:

249 1076 285 1151 N
288 1101 332 1151 ec
351 1075 422 1148 nisi
440 1077 639 1173 tranquillo
658 1076 813 1150 brachia
830 1077 943 1150 crede
960 1077 1067 1153 mari.

198 1193 241 1268 si
257 1194 328 1269 tibi
346 1217 420 1267 non
437 1194 573 1292 parcis,
592 1194 741 1267 dilectae
759 1216 872 1292 parce
891 1194 1049 1292 puellae:
1168 1193 1231 1265 200

250 1308 345 1394 Quae
363 1316 582 1406 numquam,
601 1309 728 1383 uisite
747 1309 902 1407 sospite,
921 1333 1054 1407 sospes
1071 1307 1153 1383 erit.

200 1425 298 1524 Spes
316 1434 442 1499 tamen
459 1437 519 1499 est
536 1424 662 1500 fractis
680 1426 810 1500 vicinae
828 1425 934 1524 pacis
954 1425 993 1498 in
1011 1420 1135 1499 undis

248 1539 344 1615 Tum
363 1540 531 1639 placidas
550 1554 631 1617 tuto
650 1555 805 1641 pectore
822 1543 923 1616 finde
940 1541 1032 1616 vias.

199 1655 361 1742 Interea,
382 1658 486 1731 nauti
504 1660 682 1755 quoniam
699 1660 794 1734 freta
812 1660 940 1758 pervia
957 1682 1032 1731 non
1051 1667 1149 1744 sunt,

250 1770 384 1847 Leniat
400 1773 537 1848 invisas
555 1775 664 1850 litera
681 1776 796 1849 missa
814 1798 951 1848 moras.
1168 1775 1231 1845 210

532 2222 795 2297 EPISTOLA
823 2225 914 2297 XX.

405 2420 714 2488 AGONTIUS
745 2422 1040 2486 CYDIPPAE.

199 2628 305 2702 Pone
324 2639 488 2703 metum:
517 2627 609 2699 nihil
628 2627 687 2723 lrie
706 2627 841 2700 iterum
856 2627 1001 2724 jurabis
1020 2626 1170 2701 amanti.

249 2744 480 2818 Promissam
499 2744 589 2817 satis
608 2754 666 2816 est
683 2754 720 2816 te
738 2743 855 2815 semel
873 2767 957 2816 esse
976 2743 1081 2815 mihi.

199 2858 377 2955 Perlege:
406 2859 578 2933 discedat
595 2859 649 2931 sic
667 2882 823 2957 corpore
841 2859 998 2955 languor
1016 2860 1065 2932 ab
1084 2858 1167 2945 isto,

248 2975 324 3061 Qui
341 3001 447 3050 meus
466 2988 535 3064 est,
556 2977 633 3049 ullal
652 2987 759 3075 parte
777 2977 939 3062 dolente,
960 2976 1079 3049 dolor.

231 3207 330 3263 Νυκτὸς
336 3205 375 3253 trs
383 3206 498 3269 τρίτατον
506 3208 585 3272 λάχος
591 3207 698 3266 ἵσταται,
749 3208 857 3272 Ctesylla
865 3215 889 3256 et
900 3206 1055 3256 llermoclruri
1065 3206 1136 3256 refert
1145 3203 1236 3255 Aaou·

263 3277 366 3343 ἱγγῦςὸ
378 3281 436 3339 ἠώς.
750 3299 793 3331 uus
804 3279 928 3331 liberalis.
939 3281 1042 3329 Metam.
1054 3295 1109 3346 esp.
1120 3280 1139 3328 i.
1160 3279 1239 3329 Buu·

198 3349 275 3398 Addit
285 3350 430 3416 paulopost:
784 3358 807 3403 l.
826 3356 887 3404 Pone
898 3364 989 3409 mettim,
1000 3357 1061 3403 nihil
1070 3356 1107 3402 tie
1117 3355 1239 3415 samja-

232 3424 267 3473 Εὖ
291 3443 316 3473 τε
338 3428 378 3473 καὶ
405 3425 523 3490 ἁτρικίων
544 3427 699 3491 ποιμαίνιται
749 3430 931 3492 imitamenta]
951 3429 1039 3477 Prisca
1049 3428 1239 3479 eddanum

262 3499 333 3556 ἔθνος
344 3500 454 3563 ὀνείρων.
749 3504 814 3553 dices
825 3503 930 3553 nonnulli
942 3518 1015 3551 manu
1026 3502 1117 3552 exenii
1127 3503 1173 3552 hoe
1181 3500 1240 3553 Μ·

415 3602 480 3610 -
748 3580 810 3628 elon
830 3566 855 3628 ni
870 3580 945 3627 fronte
964 3578 1036 3643 nujus
1052 3577 1165 3644 aaron
1182 3574 1240 3627 au

232 3648 365 3711 Acontius]
400 3648 500 3697 Amores
526 3650 647 3715 Cyrlippes
674 3663 696 3700 et
748 3656 818 3703 bont:

197 3721 294 3770 Acontii
303 3721 380 3786 lepide
388 3730 409 3769 ul
419 3723 540 3786 eleganter
550 3733 626 3771 narrat
634 3725 697 3773 iltis·
781 3732 871 3790 decipe,
903 3729 1013 3791 Cydippe,
1042 3730 1140 3790 despecti
1170 3740 1241 3775 m

197 3806 299 3845 taenetus
314 3798 356 3846 lib.
370 3797 387 3845 i.
398 3798 474 3861 Epist.
489 3799 526 3845 10.
545 3807 568 3845 et
586 3800 696 3861 peculiari
847 3805 938 3855 strumii.

198 3871 313 3921 Poemate
343 3871 498 3937 descripserat
524 3871 695 3929 Callimachus,
813 3875 883 3925 lilius
894 3881 918 3924 in
927 3894 990 3938 prmo
998 3879 1037 3939 qui
1048 3879 1089 3924 riti
1097 3879 1166 3925 uerte
1174 3876 1239 3925 dedit·

197 3946 265 4010 cujus
275 3947 433 3996 meminerunt
443 3947 606 3997 Grammatici.
615 3957 639 3993 et
650 3965 697 4012 quo
749 3950 874 3998 llstnutem
882 3951 1240 4018 haechistolasoededeprarutt

198 4019 293 4084 respicit
303 4023 390 4070 Noster
400 4022 503 4070 Remed.
516 4021 637 4069 &livide
650 4022 696 4070 Ce-
747 4023 853 4088 plurimis
870 4026 894 4073 iu
914 4025 980 4073 locis.
1004 4024 1094 4074 Herus.
1128 4024 1172 4074 Hm
1190 4023 1237 4072 duo

196 4091 273 4141 leber.
288 4095 391 4160 Bentleii
404 4096 569 4160 Fragmentum
580 4095 695 4144 Callima·
749 4098 859 4163 Epistola*
876 4099 934 4146 mihi
952 4100 982 4147 ab
992 4098 1184 4149 Ovidiauarent
1197 4110 1237 4149 m

197 4165 237 4213 chi
248 4168 278 4215 ci.
296 4168 396 4218 similem
407 4186 462 4218 vero
479 4169 534 4217 lruic
545 4169 649 4219 fabulam
666 4171 696 4220 de
746 4173 841 4223 fluxisse
854 4174 971 4223 ridentur.
996 4174 1086 4222 llunrr.
