2896 4980
209 372 256 437 (ill
505 371 543 438 Ρ.
566 370 727 439 OVIDII
749 370 962 439 NASONIS

218 546 385 621 Barbara
400 557 567 623 narratur
582 546 729 623 venisse
745 547 912 623 venefica
927 557 1066 633 tecum,

267 663 311 735 ln
329 664 418 737 mihi
435 664 605 762 promissi
623 676 729 761 parte
746 675 899 762 recepta
914 662 997 737 tori.
1215 664 1267 735 20

216 779 381 855 Credula
397 806 456 855 res
473 805 576 855 amor
592 792 662 855 est.
690 781 832 855 utinam
849 776 1048 855 temeraria
1062 778 1173 851 dicar

266 896 493 971 Criminibus
511 898 612 971 salsis
630 896 865 969 insimulasse
882 894 1021 969 virum!

216 1013 347 1115 Nuper
364 1018 411 1089 ab
431 1014 636 1087 Haemoniis
654 1014 790 1111 hospes
809 1013 899 1085 mihi
916 1009 1122 1085 Thessalus
1141 1008 1221 1083 oris

263 1131 447 1221 Venerat;
477 1146 517 1206 et
531 1144 672 1205 tactum
689 1132 751 1203 vix
770 1131 867 1203 bene
884 1130 997 1201 limen
1015 1136 1118 1199 erat:

213 1248 423 1333 AEsouides,
442 1248 534 1331 dixi,
553 1247 643 1344 quid
662 1248 739 1341 agit
756 1246 882 1319 meus!
910 1244 979 1317 llle
998 1242 1144 1341 pudore
1209 1244 1260 1315 25

261 1363 394 1450 Haesit,
415 1365 452 1435 in
469 1364 643 1461 opposita
659 1363 800 1437 lumina
815 1364 913 1435 fixus
931 1362 1057 1433 humo.

212 1480 387 1552 Protinus
405 1479 560 1567 exsilui3
592 1479 802 1576 tunicisque
820 1504 843 1553 a
860 1487 1011 1575 pectore
1028 1474 1165 1573 ruptis,

260 1595 389 1668 vivit?
419 1620 479 1681 an,
499 1596 681 1683 exclamo,
701 1620 760 1669 me
778 1618 930 1693 quoque
948 1592 1025 1667 sata
1040 1590 1225 1665 trahunt?

210 1711 323 1796 Vivit,
343 1711 406 1784 ait.
435 1712 682 1811 timidumque
701 1712 790 1785 mihi
804 1714 930 1809 jurare
947 1708 1064 1805 coegi.

261 1825 334 1897 Vix
353 1826 454 1913 milri,
473 1838 569 1902 teste
589 1828 683 1913 Dee,
702 1828 846 1901 eredita
860 1827 937 1899 vita
952 1836 1018 1899 tua
1034 1833 1106 1897 cst.
1205 1828 1258 1897 30

211 1940 265 2015 Ut
283 1942 392 2015 rediit
409 1943 566 2029 animus
585 1955 650 2017 tua
667 1944 767 2017 faeta
783 1942 971 2040 requirere
988 1940 1099 2038 eoepi.

260 2058 408 2143 Narrat,
428 2060 627 2157 a'e'nipedes
646 2060 779 2134 Martis
797 2084 921 2134 arasse
939 2059 1074 2132 boves:

239 2260 279 2307 27.
298 2258 399 2321 Fallat]
418 2259 590 2323 Eriltri,inquii
599 2269 663 2309 metu
674 2276 702 2309 ac
751 2264 804 2309 dure
816 2261 894 2313 Haut,
904 2260 950 2307 dte.
968 2267 992 2306 et
1003 2255 1152 2321 llyptlpylen
1168 2256 1201 2307 td
1213 2258 1256 2325 ju·

205 2332 370 2399 trepidatione,
391 2332 482 2381 scilieet
505 2348 546 2397 pro
566 2334 641 2383 salute
661 2344 703 2382 tua
751 2334 851 2384 randum
861 2332 968 2397 adegisse
978 2331 1046 2379 illum
1057 2329 1115 2395 quia
1125 2330 1256 2383 timentem

206 2406 277 2455 anxia
287 2416 358 2469 atque
369 2405 470 2454 sollicita
479 2422 541 2453 suro.
555 2422 600 2455 nou
610 2422 702 2470 egressa
752 2426 780 2458 ae
799 2409 953 2474 trepidantem
974 2404 1182 2462 animadverterat,
1197 2422 1257 2459 curt

205 2496 258 2531 sum
274 2480 369 2547 propius
386 2480 416 2528 ad
432 2495 496 2528 eum.
514 2488 541 2528 ut
558 2480 703 2530 llubertinus
751 2484 853 2547 primum
883 2482 912 2531 de
938 2482 1026 2530 latone
1057 2478 1254 2543 interrogaretur.

204 2554 310 2621 exponit.
344 2555 488 2603 Mrcrmrrs.
753 2558 896 2605 Mrrrtrus.

236 2627 703 2691 29.l'irit,ait,timidamquetailrijrtrara
784 2633 826 2679 at.
847 2632 921 2693 thue
934 2628 1124 2691 animrtrrodiit.]
1142 2628 1257 2681 Turiam

203 2701 289 2765 anigi]
308 2701 407 2750 Diverse
420 2702 515 2765 legitur.
549 2700 612 2749 Alii:
633 2700 702 2755 l'irit,
751 2704 790 2753 liic
801 2705 879 2753 denuo
889 2704 954 2752 libri.
987 2701 1034 2751 Sed
1045 2702 1165 2766 Excerpta
1173 2704 1256 2755 Jureti

203 2779 246 2833 ait,
256 2777 368 2831 timidum,
379 2779 437 2839 quad
447 2780 579 2839 majurum
589 2777 662 2840 eadgi.
676 2784 703 2823 ut
752 2793 806 2826 eum
822 2795 868 2826 uno
878 2776 1002 2833 Patauino,
1015 2774 1048 2823 Ut
1066 2776 1133 2823 rediit
1149 2778 1257 2829 aribus.

203 2850 234 2897 ait
251 2864 342 2905 sensus,
355 2850 429 2914 Coigi
440 2850 548 2899 timidum
564 2849 641 2903 illurn,
651 2849 701 2896 sive
751 2861 826 2901 recte:
844 2851 979 2918 producitur
995 2849 1058 2899 enirn
1076 2848 1169 2897 Nasoni
1184 2850 1256 2901 aliia.

203 2923 285 2971 timide
299 2922 443 2985 loquentem,
460 2932 487 2971 ut
498 2922 650 2988 jurejurando
666 2920 700 2977 id,
751 2943 797 2991 que
813 2926 893 2975 Paetis
910 2924 996 2991 pam-im
1013 2923 1097 2971 ultima
1115 2921 1169 2987 ejus
1184 2926 1256 2976 verbi

202 2996 265 3060 quod
287 2996 328 3051 ait,
350 2995 394 3044 boc
416 3006 461 3051 est,
481 3006 505 3044 te
527 2996 606 3045 vivum
628 3005 701 3061 attlue
750 3000 850 3063 syllaba,
871 2995 1069 3063 quemadmodum
1092 3004 1117 3043 et
1136 2995 1162 3045 iu
1181 3000 1255 3059 adiit,

201 3069 343 3117 incolumem
365 3083 425 3126 esse,
445 3070 602 3117 eoulirmaret.
635 3068 700 3117 Alii:
750 3076 815 3129 abiit,
832 3076 894 3129 iniit,
909 3074 992 3134 proiit,
1003 3072 1081 3127 subiit,
1093 3074 1256 3131 preteriitot

206 3142 275 3199 Vivit,
286 3144 333 3189 uit:
351 3144 464 3197 timidum,
474 3144 532 3204 quod
541 3152 611 3195 uurat,
613 3145 701 3204 jurare
749 3146 873 3201 similias,
889 3145 1016 3209 dequibus
1033 3160 1075 3192 sito
1093 3143 1156 3193 loeo.
1190 3146 1254 3213 Epi.

202 3218 274 3279 eo'r'gr'.
301 3224 329 3261 ut
353 3213 384 3261 tit
410 3230 499 3271 sensus,
521 3216 638 3272 Quoniam
658 3216 701 3279 qui
748 3219 1014 3274 atolalnotlautiae,29.

202 3298 291 3344 amant,
302 3287 396 3334 solliciti
412 3304 440 3336 ae
455 3288 530 3336 timidi
548 3297 610 3344 sunt,
619 3289 699 3353 jurare
785 3296 816 3343 lr't
829 3298 895 3342 rediit
907 3298 1005 3347 arriana,
1011 3294 1099 3353 puriter
1109 3293 1199 3341 rediere
1207 3294 1253 3341 do-

202 3361 270 3410 illum
280 3361 356 3425 to'agi.
378 3362 411 3409 Ut
421 3362 453 3409 sit
462 3362 699 3427 allusioadid,quod
845 3373 911 3417 lom.

201 3434 277 3499 prima
288 3434 395 3499 Epistola
411 3435 528 3501 Penelope
544 3437 590 3485 ait:
609 3437 653 3486 Res
666 3448 699 3487 est
748 3444 803 3491 Art.
811 3442 866 3490 Am.
874 3442 910 3490 iii.
922 3442 980 3489 707.

201 3510 293 3557 solliciti
310 3510 476 3569 planatimorit
491 3528 562 3558 rimor.
596 3511 642 3559 Sed
659 3512 697 3561 bic
783 3518 814 3565 Ut
834 3520 901 3564 rediit
920 3518 1017 3569 arrirrtat,
1034 3523 1111 3560 territet
1124 3530 1140 3561 a
1156 3524 1255 3575 pacton

200 3599 291 3631 rursum
300 3582 436 3640 ridendum,
445 3600 500 3632 nuru
512 3584 597 3633 rectius
609 3585 696 3649 legere-
812 3602 879 3638 restes

200 3667 251 3707 tur:
272 3658 338 3710 Quod
357 3675 414 3711 amu,
430 3658 503 3723 prima
522 3675 633 3724 persona:
655 3678 697 3727 pro
781 3664 988 3726 Rumpit.—

199 3748 228 3781 eo
238 3732 302 3796 quod
312 3740 357 3789 est,
372 3730 436 3790 Quia
445 3748 490 3797 ego
502 3750 564 3789 amo,
571 3734 650 3797 jurare
667 3735 696 3782 ti·
746 3738 840 3795 Quibus
847 3738 918 3786 etium
930 3739 955 3786 iu
965 3738 1023 3785 locis
1033 3734 1087 3783 libri
1099 3744 1192 3783 veteres
1201 3736 1252 3787 tibi

199 3807 288 3855 midum
300 3806 366 3855 illum
378 3807 453 3871 coegi.
486 3808 596 3856 Ceterum
607 3809 694 3875 simpli·
745 3829 791 3862 nort
810 3821 925 3867 coustant,
941 3813 999 3860 dum
1014 3810 1063 3865 alii,
1084 3808 1114 3857 ta
1133 3810 1252 3873 rediitque

197 3882 291 3931 tissima
300 3882 370 3930 lectio
380 3882 472 3931 videtur
482 3898 518 3937 ert,
527 3899 597 3947 quam
608 3900 694 3933 nosse·
744 3890 841 3935 animur.
859 3886 908 3943 alii,
924 3886 998 3951 thue
1014 3887 1073 3933 redit
1087 3886 1188 3939 attimar.
1205 3882 1252 3933 Elii

197 3956 247 4005 euti
257 3973 345 4012 sumus,
352 3957 373 4005 si
381 3956 459 4020 legas:
479 3956 695 4021 Timidampramr'hi
745 3962 801 4016 alia,
810 3962 963 4011 substituunt.
981 3960 1089 4009 meliores
1103 3966 1251 4017 eorammer,

189 4032 275 4092 jrrrrrra
292 4035 364 4097 ea'e'gr'.
392 4039 419 4079 ut
437 4031 546 4081 timidum
560 4049 615 4081 eum
632 4032 694 4082 acti-
744 4034 808 4099 quod
824 4052 865 4084 nm
880 4036 1026 4092 exhibemus,
1037 4040 1179 4097 egmscant.
1192 4034 1251 4083 ate-

195 4104 255 4170 pias,
263 4104 293 4155 de
302 4122 350 4172 quo
360 4106 432 4171 paulo
442 4116 496 4157 ante
504 4106 579 4156 dixit:
598 4107 642 4156 lile
651 4124 693 4169 pa-
745 4118 804 4157 taur.
816 4110 865 4159 xiv.
877 4112 936 4159 519.
