2896 4980
424 326 568 394 ARTIS
590 324 858 393 AMATORIAE
881 326 973 392 LlB.
997 327 1027 393 1.
1182 330 1245 395 tul

206 497 310 576 Tunc
329 502 450 599 aperit
466 500 625 587 mentes,
645 498 723 574 sevo
740 500 931 574 rarissima
946 514 1086 588 nostro,

167 680 177 699 .,
255 614 506 716 Simplicitas3
536 627 635 691 artes
652 616 869 691 excutiente
887 616 982 691 Deo.

205 730 286 805 lllic
304 755 407 831 saepe
424 733 569 807 animoa
582 736 764 831 juvenum
782 757 940 832 rapuere
957 734 1115 833 puellae:

253 845 305 920 Et
320 847 450 920 Venus
468 847 505 921 in
523 848 630 935 vinis,
650 847 746 944 ignis
764 848 802 921 in
817 848 904 944 igne
920 847 1001 921 fuit.
1040 844 1041 848 ’
1288 937 1291 943 1

206 960 277 1036 Hic
295 974 337 1036 tu
355 962 478 1037 fallaci
497 963 652 1036 nimium
670 985 719 1036 ne
735 963 849 1036 crede
865 963 1041 1037 lucemae.
1172 966 1246 1037 245
1269 960 1270 964 ’

251 1076 403 1152 Judicio
420 1077 548 1154 sonnae
566 1102 718 1176 noxque
736 1101 957 1175 merumque
975 1088 1123 1153 nocent.

205 1192 305 1269 Luce
322 1194 414 1268 deas
431 1193 605 1291 coeloque
623 1193 731 1268 Paris
749 1194 934 1293 spectavit
951 1205 1101 1292 aperto;

254 1309 353 1383 Cum
370 1309 468 1383 dixit
485 1308 635 1395 Veneri,
654 1309 785 1383 Vincis
803 1319 1015 1408 utramque,
1034 1309 1177 1384 Venus:

204 1423 327 1500 Nocte
343 1425 462 1499 latent
479 1425 638 1512 mendae,
657 1425 824 1523 vitioque
842 1425 1047 1521 ignoscitur
1064 1427 1189 1500 omni:

252 1539 433 1638 Horaque
450 1540 650 1615 formosam
668 1542 877 1639 quamlibet
894 1541 959 1614 illa
975 1540 1076 1615 lacit.
1158 1545 1247 1614 *250

153 1729 162 1737 ,
205 1655 369 1730 Consule
387 1657 435 1730 de
453 1656 625 1753 gemmis,
644 1657 693 1731 de
710 1657 826 1730 tincta
843 1656 985 1729 murice
1003 1655 1109 1745 lanit3

138 1756 146 1771 ²
253 1771 420 1847 Consule
437 1773 486 1846 de
503 1772 598 1846 facie
615 1773 912 1871 corporibusque
929 1771 1043 1845 diem.

204 1887 303 1972 Quid
321 1888 390 1961 tibi
408 1887 589 1963 femineos
606 1899 740 1976 coetus,
758 1889 954 1963 venatibus
973 1897 1095 1985 aptos,

252 2001 504 2078 Enumeremt
532 2028 687 2078 numero
705 2003 817 2077 cedet
833 2026 947 2077 arena
963 2024 1059 2074 meo.

204 2117 302 2202 Quid
320 2118 477 2193 referam
498 2119 625 2215 Bajas,
645 2128 905 2216 praetextaque
921 2118 1030 2191 litora
1047 2116 1152 2198 velis,
1170 2121 1244 2190 255

253 2231 314 2320 Et,
335 2257 420 2330 quae
438 2235 486 2308 de
503 2235 624 2308 calido
642 2232 783 2307 sulfure
800 2232 932 2318 fumat,
948 2233 1111 2329 aquam?

204 2345 457 2447 Hinc-aliquis
474 2349 609 2422 vulnus
628 2347 793 2423 reserens
808 2349 846 2420 in
864 2356 1030 2445 pectore,
1048 2345 1166 2431 dixit;

251 2461 340 2534 Non
357 2464 438 2536 haec
457 2466 518 2559 (ut
534 2463 633 2537 fama
651 2463 727 2556 est)
745 2463 847 2536 unda
864 2461 1023 2534 salubris
1040 2471 1133 2534 erat.

204 2573 302 2651 Ecce
320 2579 545 2652 suburbanae
560 2579 745 2676 templum
764 2575 952 2649 nemorale
970 2575 1117 2660 Diauoe,

250 2689 441 2790 Partaque
460 2717 527 2791 per
545 2692 690 2788 gladios
707 2716 824 2788 regna
840 2700 1000 2764 nocente
1018 2714 1144 2762 manu.
1169 2695 1244 2763 260

231 2970 288 3018 249.
307 2970 420 3034 Mende]
440 2970 493 3019 Hoc
512 2987 579 3020 versu
598 2980 697 3021 utuntur
746 2982 809 3021 cents
818 2971 911 3034 manu]
939 2970 1009 3017 Hunc
1028 2969 1106 3017 locum
1124 2969 1246 3018 nonsatis

200 3041 291 3106 antiqui
301 3043 466 3100 Grammatici,
478 3052 506 3092 ut
513 3043 615 3092 doceant
625 3044 695 3094 dille·
746 3044 849 3110 esplicat
866 3044 993 3108 interpres.
1008 3059 1064 3090 narn
1080 3043 1151 3106 poita
1169 3041 1242 3090 histo-

200 3114 299 3163 rentiam
309 3119 393 3164 menda
402 3125 428 3164 et
437 3119 522 3164 meridi.
556 3117 619 3166 Vide
629 3117 694 3166 Cha·
745 3118 804 3166 riam
814 3127 839 3166 et
854 3133 942 3165 morem
955 3115 1039 3180 tangit.
1051 3131 1099 3179 quo
1110 3114 1244 3164 sacerdotes

199 3185 239 3234 ris.
257 3203 313 3253 pag.
329 3191 370 3238 55.
401 3188 506 3252 Eutych.
521 3204 579 3254 pag.
599 3191 641 3238 21.
654 3191 694 3239 ⁷4.
746 3189 809 3254 apud
825 3188 930 3236 Ariciam
948 3187 988 3236 alii
1008 3187 1061 3236 aliis
1076 3187 1244 3236 succedebant.

198 3268 223 3307 et
233 3261 352 3310 Incertum
362 3278 417 3327 pag.
426 3263 499 3311 2791.
533 3264 621 3313 Bonas.
746 3262 871 3311 Nonenim
882 3262 978 3324 ingenui
989 3261 1033 3310 hoc
1044 3277 1130 3309 munus
1138 3260 1244 3318 obibant,

230 3336 287 3385 25³.
299 3337 362 3390 Quid
370 3340 411 3384 tibi
413 3338 534 3402 jismiaeos
543 3349 619 3394 catat,
629 3356 695 3387 unaa-
744 3335 866 3391 adserui,
878 3334 998 3399 iidemque
1009 3334 1110 3398 fugitivi.
1137 3333 1186 3392 Qui
1196 3335 1244 3384 sis-

199 3409 257 3456 tibus
275 3410 358 3472 upton]
377 3410 433 3458 Non
449 3409 553 3474 loquitur
572 3411 610 3458 hic
626 3413 696 3475 po'e'ts
744 3409 822 3474 gulari
839 3408 967 3458 certamine
986 3409 1047 3458 inter
1063 3425 1114 3458 sese
1129 3409 1243 3459 dimican-

198 3480 228 3528 de
238 3481 319 3546 sylvis,
327 3492 352 3531 et
363 3481 504 3531 venantibus
513 3482 658 3541 mulieribus,
668 3494 696 3533 ut
746 3493 790 3540 tea,
811 3500 865 3531 curn
885 3483 982 3531 victoria
999 3483 1072 3531 ctiam
1088 3483 1244 3532 sacerdotium

198 3554 293 3604 Merula
317 3566 392 3621 putat.
419 3558 545 3621 locumque
572 3557 696 3606 luvenalis
746 3556 952 3622 adipiscebantur:
997 3572 1135 3622 semperque
1170 3558 1245 3606 victor

198 3627 276 3692 inepte
287 3629 391 3694 allegat:
402 3630 454 3686 sed,
463 3629 536 3687 Quid,
545 3630 695 3694 inquit‚enu-
745 3631 817 3688 idem,
825 3643 848 3679 et
854 3647 975 3679 successor
983 3631 1080 3680 alterius
1086 3639 1147 3679 erat.
1164 3632 1244 3688 Quem

198 3715 285 3749 merem
303 3702 347 3750 tibi
364 3713 442 3752 coetus
460 3712 484 3751 et
501 3704 696 3767 congregationes
746 3719 833 3752 morem
862 3705 992 3752 Pausanias
1021 3703 1047 3751 in
1078 3703 1243 3762 Corinthiacis,

198 3775 321 3824 mulierum
337 3792 426 3834 omnes,
442 3777 467 3824 in
484 3776 579 3839 quibus,
596 3786 638 3825 aut
654 3776 693 3825 ubi
744 3776 875 3824 etiamnum
903 3776 952 3824 suis
979 3777 1122 3839 temporibus
1146 3776 1243 3826 durasse

197 3847 269 3896 liceat
287 3865 328 3898 eas
343 3859 398 3915 apte
415 3866 443 3899 ac
461 3851 583 3899 commode
598 3850 695 3900 venari!
744 3850 835 3897 scribit.
855 3851 901 3897 Per
911 3864 1008 3913 regnum
1019 3864 1075 3911 ergo
1085 3849 1242 3898 sacerdotium

198 3919 241 3969 hoc
256 3930 301 3978 est,
318 3921 497 3988 circumspicere
516 3932 588 3988 atque
606 3924 694 3988 eligere
745 3921 861 3985 intellige.
885 3938 939 3970 nam
961 3931 985 3968 et
1006 3920 1056 3984 ipse
1076 3922 1185 3969 sacerdos
1201 3940 1241 3971 rex

197 4005 257 4059 quas
268 4012 348 4045 ames:
367 3997 447 4063 plures
465 3997 528 4045 enim
543 4008 607 4055 sunt,
621 4015 694 4062 quam
745 3995 878 4051 nemoralis,
892 4009 1011 4042 anemore
1022 3993 1075 4041 scil.
1085 3993 1190 4049 Aricino,
1202 3995 1242 4043 ubi

197 4077 223 4116 ut
234 4070 350 4120 numerari
361 4070 453 4134 possint
463 4073 508 4118 dcc.
531 4071 628 4121 Mrcrs.
745 4071 858 4136 templum
867 4069 917 4126 dee
925 4079 983 4124 erat,
993 4069 1128 4117 vocabatur.
1145 4069 1242 4119 lliscrs.

228 4142 284 4190 260.
303 4142 418 4206 Partaque
425 4160 468 4207 per
477 4145 565 4209 gladios
576 4161 647 4208 regna
655 4163 692 4193 rra·
