2896 4980
232 313 297 378 256
528 309 567 372 Ρ.
592 307 751 374 OVIDII
776 306 987 375 NASONIS

237 484 272 557 N
277 508 349 558 unc
362 484 549 558 volucrem
567 484 715 579 laqueo,
728 506 826 555 nunc
840 484 984 581 piscem
997 482 1136 557 ducitis
1154 486 1267 559 hamo.

287 600 451 673 Diluitur
468 600 589 697 posito
608 600 723 672 serior
740 599 831 671 hora
847 623 962 673 mero.

238 716 308 791 His
326 718 414 789 mihi
434 717 629 801 submotae,
649 717 706 788 vel
724 717 754 787 si
774 716 896 787 miuus
915 716 1050 788 acriter
1067 739 1164 802 urar,
1231 720 1268 790 15

286 832 396 916 Quod
415 832 560 917 faciam,
581 844 764 928 superest,
784 840 920 928 praeter
938 855 1076 918 amare,
1096 832 1200 905 nihil.

235 948 346 1033 Quod
365 959 548 1046 superest,
568 946 684 1019 facio:
714 957 839 1043 teque,
854 947 877 1018 ὁ
891 970 976 1019 mea
993 948 1074 1021 sola
1090 948 1267 1045 voluptas,

284 1066 375 1137 Plus
390 1089 552 1162 quoque,
565 1088 680 1160 quam
694 1063 799 1135 reddi
811 1065 912 1158 quod
930 1063 1020 1135 mihi
1032 1064 1164 1162 possit,
1177 1086 1265 1137 amo.

234 1181 312 1254 Aut
329 1206 399 1277 ego
417 1206 503 1254 cum
522 1184 609 1253 card
628 1182 675 1253 dc
693 1194 730 1253 te
749 1180 892 1251 nutrice
910 1204 1061 1253 susurro
1076 1208 1086 1265 3

283 1296 454 1395 Quaeque
472 1307 590 1382 tuum,
609 1296 732 1381 miror,
751 1319 886 1368 caussa
903 1307 1067 1368 moretur
1084 1297 1172 1371 iter:
1222 1300 1267 1368 20

232 1412 311 1487 Aut
327 1438 430 1487 mare
448 1412 690 1512 prospiciens,
710 1412 839 1484 odioso
857 1412 1006 1485 concita
1022 1423 1135 1487 vento

285 1504 455 1626 Corripio
473 1528 595 1602 verbis
610 1551 761 1623 aequora
778 1549 876 1624 pene
895 1527 989 1601 tuis:

232 1643 311 1717 Aut
329 1646 392 1717 ubi
410 1646 559 1717 saevitiae
578 1645 743 1742 paullum
763 1643 883 1739 gravis
901 1642 1003 1715 unda
1020 1642 1185 1718 remisit:

284 1761 402 1834 Posse
420 1763 584 1858 quidem,
604 1762 671 1835 sed
689 1772 726 1833 te
746 1760 844 1832 nolle
860 1760 998 1845 venire,
1018 1784 1175 1857 queror:
1222 1762 1264 1831 24

234 1876 411 1973 Dumque
429 1902 574 1974 queror,
591 1879 752 1950 lacrimae
770 1901 838 1974 per
856 1876 1020 1949 amantia
1035 1877 1264 1955 luminama·

283 1991 424 2066 Pollice
439 2018 533 2089 quas
552 1995 707 2067 tremulo
726 1995 877 2067 conscio
894 1994 1012 2067 siccat
1024 2017 1132 2067 anus.
1152 1994 1264 2089 [nant.

234 2107 345 2205 Saepe
364 2108 431 2192 tui,
451 2119 594 2207 specto,
615 2111 646 2182 si
664 2110 739 2183 sint
757 2111 794 2183 in
812 2112 919 2184 litore
939 2134 1093 2208 passus:

283 2223 484 2321 lmpositas
502 2237 695 2321 tamquam
713 2240 836 2301 servet
854 2251 968 2301 arena
984 2238 1104 2300 notas.

260 2496 631 2562 Jamfulgorurmorumsugcccs
776 2499 840 2547 lllud
858 2503 889 2547 mi
906 2501 954 2547 solo
970 2514 1017 2548 non
1032 2501 1120 2565 placet.
1135 2508 1161 2547 et
1171 2496 1266 2564 Apuleio

296 2571 373 2618 Tmet
384 2588 456 2634 equos,
466 2574 608 2635 equitumque
618 2573 702 2621 uultur.
776 2574 900 2622 convenire
917 2574 993 2637 magis
1010 2573 1131 2622 rancidam
1145 2571 1267 2637 antiquin-

229 2643 353 2709 Videquae
362 2645 433 2693 etium
442 2645 521 2694 notavi
531 2645 689 2694 inObservat.
702 2645 726 2692 in
776 2653 824 2693 tem
840 2647 918 2705 credo,
935 2662 1008 2711 quum
1022 2645 1119 2702 Ouidio,
1138 2660 1215 2710 neque
1228 2642 1265 2691 Ti·

228 2718 388 2784 Metamorph.
406 2720 544 2768 Cromuus.
566 2720 726 2784 Septacisequi
776 2720 841 2768 bullo
849 2715 1267 2769 decoramcredidithullmsiunll

228 2792 398 2842 Puteaueuset
415 2794 456 2843 elii
474 2810 520 2841 non
536 2794 616 2859 pauci.
635 2793 725 2842 dictum
776 2792 873 2841 laudata
893 2795 944 2858 ejus
966 2794 1047 2843 Paeto
1069 2794 1148 2843 verba.
1174 2792 1268 2843 videet

229 2866 258 2914 ad
269 2866 345 2932 Epist.
355 2868 388 2916 iv.
400 2885 461 2916 vers.
474 2870 515 2917 46.
533 2870 622 2918 llrrss.
776 2866 878 2914 Pincier.
907 2868 1004 2931 Parerg.
1037 2869 1080 2917 lib.
1110 2868 1137 2915 ii.
1165 2883 1219 2932 cap.
1243 2866 1267 2913 2

264 2943 300 2990 ll.
313 2943 421 2990 Diluitur
425 2947 496 3005 posito
503 2948 572 2991 serior
578 2946 633 2992 liora
642 2944 723 3006 metm]
775 2941 864 2988 Bm·

228 3015 381 3064 lloccarmen
390 3034 450 3073 earn,
459 3034 530 3081 quam
542 3019 723 3083 modoexposui,
810 3016 848 3062 18.
862 3015 919 3061 Plus
929 3031 1014 3077 quoque
1024 3033 1090 3077 quam
1097 3015 1184 3079 credi]
1198 3014 1267 3069 Qm

227 3088 360 3152 opinionem
380 3092 514 3139 confirmat:
534 3109 587 3140 cum
606 3093 650 3140 hoc
666 3109 723 3156 quo-
771 3092 840 3145 ,reddi
857 3091 993 3138 Puteaueus
1011 3099 1036 3137 et
1055 3090 1205 3139 Besileensis.
1223 3088 1267 3138 Ve-

227 3165 723 3231 queellomanommmoreperspicucdi·
775 3174 851 3212 nuste.
885 3165 972 3210 lluuu.
1045 3206 1050 3214 .

227 3246 302 3290 catur,
319 3236 360 3299 qui
371 3248 455 3285 octavu
475 3241 549 3287 noetis
567 3240 625 3288 liora
639 3240 723 3304 (idque
805 3240 845 3287 26.
865 3240 958 3285 Genucio
970 3241 1040 3287 siccat
1057 3239 1138 3301 anus]
1157 3238 1267 3289 flarden-

228 3306 353 3360 Martialis.
372 3326 424 3372 qurc
443 3327 514 3375 supra
530 3313 605 3375 posui,
619 3313 724 3362 earmina
774 3310 806 3357 sis
833 3322 858 3360 et
886 3310 1047 3367 lovaniensis,
1077 3314 1186 3371 Cretica5
1216 3326 1267 3361 eum

227 3394 306 3444 operte
332 3383 465 3441 declarant)
493 3389 628 3433 coenabant.
661 3387 723 3435 lliuc
775 3386 868 3439 Glossa.
881 3389 904 3433 id
915 3396 947 3434 est
955 3389 982 3434 de
992 3386 1070 3434 Crem.
1088 3385 1135 3434 Sed
1145 3386 1266 3450 legendum

227 3454 298 3517 igitur
308 3471 323 3503 a
334 3455 408 3503 Poeta
420 3459 555 3505 nostrolmra
567 3461 723 3524 ser-iurappcl-
774 3469 838 3523 puto,
852 3461 942 3513 Treciu.
961 3461 995 3509 sic
1011 3461 1054 3508 lib.
1074 3460 1100 3509 ii.
1116 3461 1171 3509 Art.
1189 3460 1266 3509 Amul.

227 3528 297 3576 latur.
316 3527 388 3576 Cror.
774 3535 891 3595 prolium
904 3534 987 3583 Trercu
1001 3544 1105 3597 occupat,
1117 3534 1178 3583 mule
1190 3534 1268 3583 Creten

261 3604 300 3651 15.
328 3603 372 3650 His
390 3603 443 3649 mili
463 3606 589 3668 salmuris]
616 3608 723 3655 Suburam
775 3606 920 3657 scribebatur
931 3620 994 3657 ante.
1011 3609 1075 3674 apud
1087 3608 1211 3658 Homtium
1226 3607 1266 3657 lib·

226 3677 327 3725 Putean.
337 3687 361 3725 et
372 3676 432 3739 Arg.
448 3688 520 3727 recte.
534 3679 582 3726 nilri
600 3681 676 3731 malis.
688 3699 721 3727 sr-
774 3680 807 3727 iii.
819 3683 867 3729 Od.
880 3684 913 3730 ix.
926 3700 979 3746 quae
991 3684 1014 3731 in
1026 3683 1131 3747 vulgatis
1140 3683 1264 3737 codicibtu,

226 3762 295 3800 mute.
313 3754 402 3801 llsrrs.
776 3757 844 3803 (lituis
856 3760 932 3805 Cressa
949 3766 994 3809 est.
1006 3758 1067 3806 lianc
1085 3767 1177 3807 vetusta
1192 3772 1265 3805 exem·

261 3828 299 3874 17.
320 3828 427 3875 Meusola
440 3828 563 3889 uoluptas]
583 3828 662 3874 Prima
673 3826 722 3875 edi·
774 3828 848 3892 pluria
868 3831 981 3879 'l'lrrcsmm
993 3832 1092 3881 faciunt.
1111 3831 1176 3898 apud
1191 3832 1265 3879 Maro·

225 3902 258 3949 lio
269 3910 293 3949 et
309 3911 356 3949 tres
372 3900 461 3966 scripti,
472 3904 503 3947 mi
516 3903 571 3949 solu.
589 3900 723 3965 ἀρχαϊκῶς.
774 3918 836 3959 nem,
853 3922 894 3968 pro
906 3906 983 3953 cneo
995 3924 1068 3971 geum
1080 3906 1170 3962 Pluto,
1181 3903 1266 3954 Schol-

225 3992 266 4039 pro
277 3995 333 4023 meu.
351 3984 392 4023 aut
409 3991 450 4039 pro
462 3978 524 4029 mili.
536 3984 562 4023 ut
577 3975 607 4023 sit
618 3976 720 4023 Grecis·
773 3986 836 4026 astes
846 3979 936 4027 Horatii
953 3980 1064 4046 antiquus
1074 3981 1181 4045 agnoscit
1192 3979 1265 4027 ΠΜ·

225 4064 285 4097 mus.
319 4049 357 4097 Sic
379 4047 442 4112 apud
460 4048 578 4112 Tragicos,
597 4050 615 4095 ὠ
635 4046 722 4098 τέκνον
772 4068 827 4098 mm.
847 4052 976 4101 llrrssrrs.

224 4141 273 4184 μοι,
284 4123 385 4185 ὦγίιναι
395 4140 442 4185 μοι,
450 4132 474 4169 et
483 4123 577 4170 similia.
589 4123 719 4170 llsm'sus.
