2904 4994
479 327 701 395 AMORUM.
745 326 835 392 LIB.
853 326 881 391 l.
903 329 936 391 9.
1171 326 1239 393 aba

549 651 776 729 ELEGIA
815 652 885 726 lX.

104 889 126 916 ν,
195 829 336 903 Militat
353 830 473 902 omnis
491 852 633 913 amans,
653 838 692 902 et
708 828 823 901 habet
840 849 909 898 sua
924 833 1049 898 castra
1065 824 1233 923 Cupido:

244 945 383 1030 Attice,
402 945 513 1018 crede
531 945 643 1031 mihi;
673 944 808 1017 militat
823 942 943 1015 omnis
962 964 1104 1015 amans.

196 1060 291 1145 Quae
318 1061 418 1134 bello
445 1071 504 1133 est
524 1060 681 1145 habilis,
707 1058 844 1132 Veneri
871 1080 1024 1155 quoque
1051 1059 1237 1142 convenit,

246 1176 373 1275 Turpe
390 1199 508 1250 senex
525 1176 645 1261 mileS,
663 1185 772 1273 turpe
791 1173 918 1247 senilis
936 1197 1052 1246 amor.
1116 1175 1236 1268 [aetas.

198 1291 303 1375 Quos
320 1293 463 1391 petiere
481 1291 597 1363 duces
615 1282 733 1363 annos
751 1289 789 1361 in
807 1289 923 1362 milite
941 1287 1039 1376 forti,
1216 1293 1238 1361 5

249 1406 330 1481 Hos
348 1407 443 1505 petit
461 1407 498 1478 in
516 1406 618 1479 socio
636 1406 737 1480 bella
753 1407 880 1505 puella
895 1417 989 1479 toro.

198 1522 428 1619 Pervigilant
445 1522 577 1596 ambo:
607 1522 704 1596 terri
721 1520 926 1618 requiescit
942 1532 1112 1618 uterque.

249 1637 320 1711 Ille
337 1637 434 1711 sores
452 1637 765 1731 dominaeservat,
785 1647 824 1710 at
841 1637 903 1710 ille
920 1636 1040 1710 ducis.

201 1753 335 1826 Militis
353 1753 515 1826 officium
533 1754 645 1848 longa
662 1764 720 1827 est
736 1753 807 1826 via.
835 1752 942 1826 mitte
959 1752 1140 1849 puellam3

250 1869 446 1954 strenuus,
466 1881 617 1943 exemto
634 1869 721 1954 fine,
740 1879 918 1966 sequetur
935 1892 1078 1941 amans.
1199 1873 1244 1941 10

201 1982 278 2057 Ibit
296 1985 333 2056 in
351 1984 527 2058 adversos
546 1996 704 2070 montes,
723 1986 992 2083 duplicataque
1010 1984 1139 2057 nimbo

253 2099 444 2174 Flumina:
474 2112 672 2196 congestas
690 2112 837 2174 exteret
854 2102 916 2174 ille
934 2101 1051 2174 nives.

203 2215 286 2288 Nec
303 2214 399 2289 freta
415 2239 612 2314 pressurus
630 2217 794 2291 tumidos
809 2216 1045 2291 caussabitur
1063 2214 1205 2300 Euros;

254 2330 401 2429 Aptare
418 2331 607 2405 verrendis
626 2333 750 2407 sidera
766 2343 910 2430 quaeret
927 2331 1053 2429 aquis,

235 2532 261 2578 2.
279 2531 378 2594 Attice]
396 2531 467 2582 Hunc
480 2532 589 2582 eumdem
600 2549 660 2589 eme,
671 2533 702 2582 ad
752 2534 796 2583 lies
816 2534 880 2583 enim
898 2533 978 2581 Polite
997 2537 1096 2585 montes,
1113 2528 1210 2578 flumina
1226 2539 1249 2577 et

203 2620 275 2669 quem
286 2605 388 2654 Ovidius
398 2606 516 2671 Epistolue
530 2623 559 2655 ex
572 2608 647 2655 Ponto
658 2608 701 2655 lib.
753 2608 800 2656 ulia
818 2606 871 2655 loca
881 2610 974 2655 alvena
985 2612 1079 2660 vocant,
1090 2603 1121 2650 ad
1138 2618 1191 2667 qun
1207 2601 1252 2652 iter

203 2677 230 2725 ii.
240 2680 264 2726 4.
277 2688 301 2727 et
313 2679 613 2736 7.misit,censetn1arius‚
625 2696 703 2744 neque
752 2681 891 2736 intenditur,
904 2676 1036 2744 quiequcsi
1053 2676 1120 2725 nubis
1131 2675 1201 2725 obvia
1212 2692 1253 2725 ue·
1332 2690 1341 2705 ·

204 2750 288 2808 habeo,
300 2768 347 2816 quo
365 2752 390 2799 id
406 2752 552 2818 impugnem,
569 2753 627 2801 licet
643 2752 702 2800 mihi
753 2754 830 2803 niunt.
865 2754 954 2802 Bunnr.

204 2823 235 2873 de
246 2824 290 2873 hoc
298 2825 379 2874 Attico
389 2841 472 2891 parurn
483 2834 584 2875 constet.
602 2826 644 2875 ted
654 2836 702 2874 etu-
788 2829 827 2875 12.
854 2826 975 2891 congestat
995 2832 1093 2872 conteret
1109 2825 1150 2872 itte
1166 2825 1251 2888 nium]

203 2913 292 2962 potem,
303 2906 328 2948 et
341 2898 451 2964 temporis
461 2899 536 2947 omnis
547 2899 648 2947 Romani
666 2900 701 2963 ig·
755 2900 848 2948 Enteret
872 2899 990 2947 meliores.
1017 2905 1044 2946 ut
1067 2898 1131 2963 apud
1151 2898 1253 2947 Statium

204 2971 345 3026 notandam,
367 2987 457 3035 quase
477 2970 609 3037 Crispinus,
629 2972 705 3021 editor
752 2976 864 3024 lbebx.
876 2976 934 3024 47³.

204 3043 310 3092 Nasonis
320 3045 422 3092 inunum
430 3043 552 3109 Delphini,
563 3044 705 3102 nobilitavit,
786 3076 852 3086 --
864 3048 948 3097 Gravis
959 3049 1115 3096 otteritartut
1129 3045 1232 3112 Ungula.

205 3115 283 3163 mirari
295 3116 351 3165 satis
363 3132 409 3164 non
420 3117 573 3182 possum,qui
583 3119 646 3167 hunc
654 3135 705 3169 este
1129 3121 1221 3171 Herus.

204 3190 235 3236 T.
247 3189 402 3254 Pomponium
419 3190 537 3247 Atticum,
548 3192 657 3241 Ciceroni
670 3194 705 3243 la·
756 3199 795 3247 De
806 3213 863 3246 voce
877 3207 976 3246 exterere
986 3195 1040 3244 vide
1054 3196 1138 3245 Barth.
1150 3196 1181 3244 ad
1196 3198 1256 3246 Stat.

208 3262 400 3319 miliarissimum,
422 3263 566 3314 confidenter
589 3266 705 3315 affirmat:
757 3271 869 3320 nmen.
883 3272 939 3318 472.
958 3278 983 3319 et
999 3270 1105 3319 Gronov.
1123 3271 1154 3320 ad
1170 3271 1255 3320 Senec.

209 3354 286 3403 neque
294 3338 427 3389 enimnovit
436 3339 592 3404 Pomponium
600 3339 705 3388 Atticum
757 3345 787 3394 de
797 3344 881 3393 brevit.
893 3345 947 3392 vitae
964 3360 1017 3410 cap.
1030 3345 1068 3393 1³.
1078 3348 1191 3408 conjector
1202 3360 1257 3394 vero

207 3412 293 3461 obtine
313 3413 359 3462 Cn.
379 3412 485 3461 Domitio
504 3413 535 3462 C.
553 3414 619 3462 Sosio
638 3414 707 3464 Coss.
758 3428 909 3483 etcongertur
927 3417 1014 3482 passim
1030 3419 1257 3484 permutanturnli-

207 3496 266 3537 teste
285 3488 378 3553 Nepote
391 3488 439 3536 vita
455 3486 531 3538 nuic.
548 3506 603 3554 cap.
621 3490 665 3537 ult.
684 3489 708 3538 id
759 3492 850 3540 brnriis.
885 3493 974 3541 Bunnr.

208 3562 707 3629 eotA.U.C.nccxx1.velncexx11.quo
794 3567 832 3615 13.
858 3565 999 3628 Pressuram]
1021 3565 1062 3614 An
1079 3581 1180 3628 promen
1190 3567 1260 3630 freto

208 3644 312 3700 tempore
323 3636 426 3686 Ovidius
443 3637 595 3687 undecimum
608 3639 655 3686 lere
666 3655 707 3687 un·
757 3656 799 3705 pro
810 3637 931 3704 navigare,
941 3656 1009 3704 aeque
1028 3647 1092 3687 recte
1111 3638 1205 3687 dicatur
1224 3647 1258 3686 at·

208 3724 263 3756 num
285 3711 378 3773 agebat.
407 3727 448 3759 nos
468 3711 537 3760 lateri
559 3729 605 3760 non
625 3711 707 3777 pudet,
758 3729 805 3778 que
816 3714 921 3763 tellurem
930 3731 1029 3777 prem
1040 3713 1067 3760 ii.
1076 3712 1159 3760 Amor.
1169 3711 1206 3759 ix.
1219 3713 1258 3772 31.

208 3782 271 3831 hunc
290 3784 397 3833 Atticum
418 3786 480 3849 quis,
499 3786 606 3850 qualisve
627 3786 706 3841 luerit,
758 3798 783 3836 et
795 3789 861 3850 Alpes
869 3805 979 3849 premere,
989 3797 1015 3835 ut
1025 3787 1051 3834 ii.
1062 3784 1111 3835 xvi.
1123 3786 1160 3833 19.
1169 3787 1261 3833 etaim

208 3856 322 3921 ignorare.
346 3857 408 3906 Nam
420 3859 575 3924 Pomponium
588 3859 708 3924 reliquisse
758 3861 846 3911 Claud.
857 3861 912 3909 Bel.
923 3862 981 3911 Get.
993 3863 1050 3909 341.
1061 3860 1102 3907 ubi
1114 3859 1163 3907 vid.
1173 3857 1259 3907 Heius.

209 3929 254 3979 tibi
271 3930 434 3995 cognominem
445 3932 520 3981 lilium
536 3951 583 3982 non
601 3934 656 3997 legi,
667 3950 709 3982 cu·
758 3934 851 3983 dubito.
865 3935 890 3982 in
907 3950 954 3982 uno
972 3932 1060 3981 Morcti
1075 3940 1127 3980 erat
1142 3933 1261 3995 pultum,

207 4002 247 4067 jus
257 4004 307 4052 fllia
317 4004 388 4053 unica
398 4005 480 4054 Attica
492 4022 506 4054 n
516 4008 609 4073 Nepote
621 4022 707 4054 memo·
758 4008 822 4072 quod
839 4008 869 4056 do
886 4007 956 4056 retnis
973 4015 1037 4054 recte
1048 4005 1096 4055 dici
1111 4013 1192 4057 notum
1209 4015 1262 4066 ως

209 4085 280 4126 ratur.
313 4080 403 4128 Bonn.
758 4079 1262 4146 etrpvmenltsapteramresponderet.

246 4154 283 4202 11.
302 4153 528 4217 latrinarum]
549 4155 638 4204 Recte:
657 4155 709 4203 mil·
760 4155 874 4204 Francius
881 4155 1024 4219 conjecerat,
1026 4153 1136 4219 fluum.
1154 4168 1198 4217 ego
1205 4152 1265 4207 mul.
