2896 4980
206 298 272 363 404
501 299 541 363 Ρ.
564 294 726 363 ovlull
749 293 963 361 NASONIS

210 469 269 544 En
287 482 472 546 revocant.
491 482 542 558 at,
562 495 608 544 ne
625 471 752 547 turbet
767 479 858 566 togs
874 465 1165 566 motncapillos,
1205 472 1248 540 75

125 562 133 583 ⁸
260 586 305 660 ln
323 599 470 661 nostros
488 587 606 661 abdas
624 596 663 659 te
679 585 767 658 licet
786 606 906 681 usque
923 582 1043 657 sinus.

207 699 371 799 Jamque
388 714 519 801 patent
534 703 668 777 iterum
686 710 851 774 reserato
868 722 1018 773 carcere
1037 709 1181 797 postes.

258 815 394 893 Evolat
410 819 584 893 admissis
600 818 763 890 discolor
780 838 916 911 agmen
933 815 1056 912 equis.

210 932 321 1008 Nunc
338 937 472 1011 saltem
490 954 637 1032 supera,
657 931 856 1030 spatioque
873 931 1026 1026 insurge
1043 930 1204 1029 patenti.

259 1050 345 1123 Sint
362 1074 457 1137 mea,
476 1050 551 1123 sint
567 1047 728 1122 dominoe
746 1046 804 1120 foc
823 1055 905 1119 rata
920 1056 1008 1121 voto
1025 1068 1134 1120 meoe.
1204 1050 1249 1119 80

209 1164 306 1239 Sunt
322 1168 484 1241 dominae
500 1177 582 1240 rata
596 1174 683 1238 vota
696 1188 808 1238 meoe:
838 1187 923 1237 mes
934 1172 1022 1236 vota
1033 1172 1247 1261 supersunt.

258 1280 328 1355 Ille
345 1294 449 1359 tenet
465 1283 648 1381 palmum:
677 1283 804 1379 palma
820 1280 986 1379 petendu
1001 1281 1095 1355 mihi
1112 1291 1186 1355 est.

209 1394 321 1485 Risit,
339 1410 379 1473 et
395 1400 536 1496 argutis
553 1399 736 1495 quiddam
754 1397 923 1497 promisit
939 1397 1090 1471 ocellis.

257 1511 341 1587 Hoc
359 1516 450 1590 satis
468 1516 542 1589 hic.
561 1515 635 1589 alio
652 1527 777 1593 cetera
796 1514 910 1588 redde
927 1515 1024 1588 loco.

547 1957 791 2031 ELEGIA
836 1957 911 2029 111.

207 2128 301 2204 Esse
321 2129 435 2218 Deos,
456 2131 480 2215 i,
499 2132 623 2205 crede.
643 2131 756 2204 fidem
769 2133 895 2228 jurata
912 2128 1060 2205 fefellit:

255 2243 306 2318 Et
323 2245 437 2320 facies
455 2247 520 2333 illi,
540 2271 625 2344 quae
643 2246 712 2320 fuit
731 2258 832 2332 unte,
853 2258 990 2321 manet.

203 2359 327 2444 Quam
344 2363 475 2459 longos
492 2362 625 2436 habuit
642 2363 807 2436 nondum
822 2364 947 2459 jurata
963 2360 1137 2460 capillos,

254 2475 349 2551 Tam
367 2478 511 2574 longos⁹
531 2488 732 2576 postquam
751 2479 903 2550 numina
919 2477 1022 2562 lusit,
1041 2479 1171 2552 habet.

205 2592 378 2668 Candida
395 2595 597 2668 candorem
615 2620 720 2669 roseo
739 2594 882 2668 suffusa
898 2595 1033 2667 rubore
1225 2597 1245 2665 5

253 2709 352 2782 Ante
371 2711 493 2783 stetit:
522 2711 630 2783 niveo
648 2710 749 2784 lucet
767 2711 804 2782 in
823 2733 885 2783 ore
904 2710 1031 2782 rubor.

202 2821 279 2897 Pes
297 2836 376 2899 erat
393 2826 572 2921 exiguus:
601 2827 709 2923 pedis
727 2836 785 2898 est
803 2825 1000 2924 aptissima
1017 2822 1151 2897 forma.

253 2939 383 3037 Longa
398 2942 614 3039 decensque
631 2941 718 3015 fuit:
747 2944 859 3038 ionga
876 2943 1097 3036 decensque
1111 2948 1244 3014 manet.

234 3220 273 3268 78.
293 3221 415 3286 Dounon]
453 3223 491 3270 De
512 3223 629 3272 coloribus
648 3223 699 3272 Cir·
750 3221 875 3286 panicula,
895 3236 936 3269 ne:
963 3228 990 3268 ut
1015 3226 1063 3267 stet
1084 3234 1177 3268 versus.
1197 3231 1246 3267 m

200 3293 306 3341 eentum
316 3297 467 3360 tgitntorum,
477 3307 503 3345 et
512 3297 542 3345 de
551 3298 659 3362 pluribus
668 3298 699 3346 sd
743 3298 804 3358 fida
812 3295 908 3359 corripit
924 3293 1024 3360 primun
1041 3291 1174 3356 syilnbsm.
1204 3291 1246 3339 Ie·

201 3365 297 3415 Circum
322 3369 492 3433 spectantibus,
522 3371 572 3419 rid.
600 3371 699 3420 Salmas.
750 3368 853 3432 gendum
872 3367 944 3431 igitur
968 3375 1013 3422 ert,
1035 3365 1091 3414 Em
1119 3365 1179 3414 Dm
1202 3381 1247 3413 err·

200 3440 286 3489 Exere.
300 3439 362 3490 Ptin.
374 3459 428 3507 pag.
436 3443 494 3490 629.
502 3452 526 3492 et
534 3461 603 3509 seqq.
750 3444 845 3490 mnne?
861 3441 957 3495 lurotu,
967 3455 1022 3504 quo
1033 3439 1135 3503 juravit.
1156 3437 1248 3503 legito

749 3517 944 3577 ctiampcrjuro.
967 3515 1085 3563 Maurus.

233 3586 541 3652 LEmDmmdannn]
565 3591 700 3643 Puteanens
783 3592 807 3639 7.
825 3589 971 3652 Aptissima]
994 3589 1118 3636 Attiroi-a
1136 3587 1249 3642 melioret,

198 3660 336 3727 ctcptimus
344 3661 476 3718 Palatinus,
484 3664 699 3720 discredo-Scribe,
750 3666 779 3713 nb
806 3664 863 3714 edit.
889 3663 990 3728 princip.
1013 3661 1112 3711 frustra
1137 3660 1249 3711 danum

198 3740 214 3791 t,
225 3739 300 3786 crode.
311 3736 407 3802 elegans
422 3737 535 3801 loquendi
552 3738 645 3791 modos,
656 3741 697 3789 sed
750 3740 833 3788 Heius.
853 3747 878 3787 et
896 3738 981 3786 Burm.
1000 3735 1043 3800 qui
1061 3751 1110 3784 non
1129 3743 1248 3786 amum

199 3825 309 3860 uonnro
324 3812 356 3860 ub
371 3810 527 3861 oscitantibus
544 3811 645 3861 librariis
661 3816 696 3862 in·
749 3813 806 3860 nihil
825 3810 890 3860 uliud
911 3810 949 3858 hic
970 3818 1068 3874 postem
1088 3809 1189 3867 dirim
1207 3808 1249 3858 nisi

198 3893 322 3933 terrenus.
342 3886 432 3940 Hune.
746 3889 824 3948 pedem
845 3884 928 3935 emico
946 3899 1001 3933 eum
1021 3899 1084 3941 csse,
1102 3893 1158 3950 post
1174 3883 1250 3950 parju-

232 3958 357 4021 Credamt]
371 3959 475 4007 Omnino
487 3961 527 4023 (ut
538 3959 696 4009 estinmsuu-
749 3962 817 4016 rium.
830 3961 871 4024 qui
888 3968 944 4008 unte
961 3959 1048 4015 suem,
1064 3963 1195 4024 origum,
1206 3957 1249 4006 for·

197 4031 302 4096 scriptis)
320 4033 457 4099 apponenda
475 4045 511 4083 est
530 4035 697 4097 interrogativa
747 4052 792 4084 ruse
802 4034 874 4101 igitur
883 4036 1009 4084 artissime.
1027 4032 1123 4083 uin.
