2896 4980
208 330 273 395 alt
498 330 537 394 P.
561 326 724 393 OVIDII
748 327 961 393 NASONIS

209 501 271 588 Et,
291 502 428 576 vindex
447 503 486 575 iu
503 513 621 575 matre
639 501 768 600 patris,
788 502 910 575 malus
928 502 1027 576 ultor
1045 501 1211 589 Orestes,

257 618 383 691 Ausus
402 618 439 690 in
457 641 614 691 arcanas
632 640 789 715 poscere
807 617 883 690 tela
901 615 1031 690 Deasl
1206 623 1244 690 10

208 731 309 831 Ergo
326 758 397 830 ego
414 734 581 830 digestos
600 732 705 830 potui
723 732 863 805 laniare
881 733 1061 830 capillos:

256 849 292 921 N
296 875 339 923 ec
357 850 545 923 dominam
565 860 677 923 motae
693 849 905 923 dedecuere
923 850 1071 923 comae?

207 965 271 1039 Sic
289 965 452 1039 formosa
468 965 557 1051 fuit;
587 965 702 1038 talem
722 964 949 1038 Schoeneida
965 965 1099 1039 dicunt

255 1080 452 1155 Maeualias
470 1105 559 1154 arcu
577 1080 800 1153 sollicitasse
818 1080 928 1154 seras.

204 1195 306 1270 Talis
324 1196 464 1295 perjuri
482 1196 742 1295 promissaque
759 1196 919 1293 velaque
936 1194 1076 1269 Thesei
1203 1198 1240 1268 15

255 1312 375 1386 Flevit
391 1311 605 1410 praecipites
625 1310 765 1384 Cressa
780 1311 912 1385 tulisse
932 1310 1069 1385 Notos.

205 1427 284 1516 Sic,¹
301 1428 373 1501 nisi
389 1427 531 1501 vittatis
550 1426 758 1523 quoderat,
780 1425 1007 1511 Cassandra,
1027 1426 1185 1524 capillis,

252 1543 461 1618 Procubuit
478 1542 631 1640 templo,
651 1552 757 1614 casta
776 1541 958 1627 Minerva,
978 1552 1057 1615 tuo.

202 1659 297 1744 Quis
316 1660 405 1731 mihi
424 1683 510 1743 non,
532 1658 710 1741 Demens,
731 1656 816 1754 quis
842 1680 916 1727 non
942 1655 1048 1742 mihi,
1069 1655 1238 1739 Barbare,

252 1775 344 1874 Ipsa
360 1776 463 1847 nihil.
493 1774 628 1871 pavido
647 1774 773 1869 lingua
790 1782 936 1845 retenta
953 1782 1071 1845 metu.
1113 1771 1238 1868 [dixitl

204 1889 281 1964 Sed
299 1891 402 1963 taciti
421 1889 544 1963 fecere
561 1901 689 1963 tamen
706 1888 876 1961 convicia
892 1888 1040 1976 vultus;
1197 1890 1235 1959 21

252 2005 341 2102 Egit
359 2029 419 2078 me
437 2005 612 2091 lacrimis,
633 2029 697 2078 ore
716 2003 862 2089 silente,
882 2027 1001 2077 reum.

200 2122 300 2196 Ante
318 2146 421 2196 meos
439 2122 604 2195 humeris
621 2121 755 2194 vellem
774 2119 958 2193 cecidisse
976 2119 1161 2194 lacertos:
1227 2150 1230 2155 ·

251 2236 391 2311 Utilius
409 2237 516 2336 potui
534 2249 639 2336 parte
656 2262 784 2311 carere
802 2237 890 2310 mei.

200 2352 246 2426 ln
264 2378 348 2428 mea
363 2378 521 2428 vesanas
540 2354 654 2428 habui
671 2353 871 2451 dispendia
887 2352 1006 2427 vires:
1195 2352 1238 2425 25

251 2469 302 2544 Et
317 2472 416 2543 valui
434 2493 584 2569 poenam
601 2469 706 2543 sortis
724 2469 763 2542 in
781 2469 863 2567 ipse
881 2491 1018 2542 meam.

198 2583 299 2669 Quid
318 2587 409 2660 mihi
419 2587 626 2671 vobiscum,
641 2585 755 2659 caedis
769 2585 1030 2680 scelerumque
1045 2579 1238 2659 ministrat

249 2701 389 2776 Debita
406 2703 598 2798 sacrilegae
615 2703 738 2777 vinela
755 2702 880 2774 subite
898 2724 1044 2774 manus
1061 2778 1064 2783 ,

198 2816 271 2902 An,
291 2819 323 2890 si
341 2819 550 2917 pulsassem
569 2821 763 2892 minimum
780 2819 828 2891 de
846 2818 958 2916 plebe
978 2815 1177 2904 Quiritem,

248 2931 466 3009 Plecterer?
493 2937 531 3009 in
549 2937 738 3009 dominam
752 2938 815 3033 jus
833 2934 925 3007 mihi
943 2935 1066 3031 majus
1084 2932 1179 3005 eritl
1195 2934 1238 3004 30

232 3199 270 3245 13.
290 3199 364 3247 Talem
375 3202 508 3249 Scltruci‘do
522 3204 596 3250 dirum
608 3203 696 3251 Maeuu-
745 3204 839 3258 snmlra,
851 3201 947 3264 capillis,
960 3200 1086 3247 Procubuit
1099 3197 1240 3262 templorum

199 3272 241 3317 lior
251 3288 308 3318 orca
318 3274 447 3321 sollicitasse
450 3274 539 3339 ferun]
560 3277 621 3324 Dua.
633 3276 696 3341 apud
749 3279 855 3325 Minerua
867 3275 927 3339 tun]
947 3274 1000 3322 llac
1010 3273 1041 3322 de
1059 3290 1084 3322 re
1097 3268 1240 3339 praetentio

198 3344 286 3391 Polites
302 3356 458 3394 memorantur
470 3348 589 3396 Atalanta
599 3369 604 3396 :
623 3351 698 3398 altera
747 3351 920 3415 Q.Smyrnnrus
930 3349 974 3396 lib.
986 3345 1034 3396 xiv.
1045 3342 1239 3397 derelictorumtb

198 3418 305 3466 venatrix
323 3418 450 3477 Arcadica,
464 3423 525 3471 Jasii
542 3423 605 3471 filia:
623 3424 697 3472 altera
747 3426 858 3472 llomero.
892 3425 964 3473 Cror.

198 3491 391 3548 Boeotica,cursu
401 3494 509 3552 celebris,
519 3496 696 3545 filiaSchoenei.
779 3500 820 3546 26,
850 3498 880 3546 Et
906 3500 1078 3560 potui‘pomm
1097 3494 1170 3561 fortir
1186 3494 1240 3542 isin

197 3564 581 3618 SedOvidiushoclococonludit
592 3571 696 3627 nomina,
747 3572 838 3636 meum]
856 3573 970 3621 Francius
986 3572 1090 3628 volebat,
1112 3568 1142 3618 ln
1159 3586 1238 3632 pann

197 3639 222 3690 id
234 3641 297 3707 quod
314 3647 339 3688 et
357 3639 413 3687 alibi
425 3641 497 3689 tacit:
516 3659 625 3708 eamque,
642 3660 695 3708 quae
746 3649 887 3712 uoluijortis
897 3657 918 3696 et
929 3651 974 3710 ipse
984 3664 1065 3694 meam.
1086 3643 1181 3708 elegam
1190 3654 1239 3693 vtro

197 3715 257 3765 Jasii
274 3714 328 3770 fuit,
347 3714 478 3764 Schune'idn
495 3725 570 3765 vocat.
604 3718 642 3767 De
659 3718 696 3766 his
746 3737 802 3769 usus
813 3721 877 3770 verbi
896 3722 977 3770 volere.
994 3719 1029 3767 ita
1043 3720 1119 3767 volero
1134 3719 1161 3767 iu
1175 3716 1238 3767 natu

197 3789 286 3856 prolixe
298 3788 461 3838 annotavimus
475 3789 535 3838 libro
549 3797 632 3839 octavo
641 3792 695 3840 Me-
746 3793 853 3860 Propert.
865 3794 897 3842 iv.
909 3793 948 3842 vii.
960 3794 1001 3841 68.
1036 3792 1126 3840 Bura,

197 3862 415 3931 tamorpboseos,in
428 3864 550 3913 uenatione
561 3865 610 3929 apri
622 3866 695 3931 Caly·
778 3870 818 3916 29.
837 3869 960 3916 Minimum
979 3870 1006 3915 de
1025 3866 1088 3928 pote
1107 3858 1235 3923 currum]

196 3936 272 3987 donii:
290 3936 346 3986 inde
355 3946 433 4003 petas,
443 3937 462 3986 si
473 3939 530 4004 quid
542 3937 642 4005 amplius
654 3957 694 3989 vo·
747 3941 837 4005 Regius
859 3953 883 3991 et
906 3941 1086 4007 Neapolitanas,
1107 3941 1196 3987 minim
1211 3936 1237 3983 dt

195 4013 238 4063 les.
254 4014 398 4062 Mrcraaus.
432 4013 494 4063 Vide
505 4014 589 4063 Heius.
606 4014 638 4063 ad
654 4017 696 4064 Sa-
744 4017 814 4077 plebe.
831 4017 895 4080 quod
906 4032 951 4064 non
960 4006 1235 4082 spernendummisiqui·

197 4087 247 4135 bini
258 4087 336 4154 Epist.
348 4087 364 4135 i.
375 4088 415 4136 33.
746 4088 822 4147 malit,
842 4092 916 4138 modio
936 4093 964 4139 de
988 4091 1057 4154 plebe.
1083 4087 1117 4137 ita
1136 4086 1197 4137 hrt
1213 4096 1235 4129 V·

232 4162 270 4211 17.
287 4162 333 4221 sic,
343 4165 388 4211 niti
403 4166 489 4213 vittatis
500 4167 559 4229 quod
569 4172 627 4219 erat,
640 4162 694 4213 Cos·
745 4164 787 4212 20.
1229 4160 1233 4165 ¹
