2896 4980
193 322 260 389 2⁷6
489 320 529 383 P.
554 317 715 384 OVlDll
740 317 951 385 NASONIS

200 495 499 589 Contrectatque
515 492 633 579 sinus,
653 501 691 566 et
708 490 864 565 forsitan
880 491 1012 567 oscula
1022 494 1157 590 jungit.
1194 498 1198 503 '

206 678 208 682 .
252 608 386 681 Officio
403 631 546 680 merces
565 606 709 705 plenior
722 606 795 680 ista
811 629 879 680 suo
896 616 968 680 est.

201 721 296 809 Quis
312 723 381 797 tibi
398 722 568 822 permisit
585 731 731 795 nostras
749 744 983 820 praecerpere
997 722 1166 797 messes?

252 839 312 913 Ad
331 862 460 936 sepem
479 836 631 911 alterius
649 836 735 932 quis
753 836 821 909 tibi
839 835 929 911 fecit
945 836 1045 912 iter?

201 953 279 1029 Iste
296 955 400 1028 sinus
418 976 525 1027 meus
543 962 622 1027 est:
651 975 736 1026 mea
752 952 911 1050 turpiter
928 953 1058 1027 oscula
1071 953 1195 1027 sumis.

249 1069 283 1143 A
302 1069 391 1155 mihi
410 1069 594 1168 promisso
611 1092 766 1166 corpore
783 1068 872 1141 tolle
890 1092 1038 1142 manus.
1169 1070 1231 1141 146

200 1185 389 1285 Improbe,
408 1185 498 1261 tolle
514 1208 660 1258 manus.
689 1208 804 1281 quam
821 1184 957 1280 tangis,
976 1194 1106 1260 nostra
1119 1182 1233 1258 lutura

250 1301 458 1376 Postmodo
473 1302 506 1374 si
524 1299 639 1375 facias
657 1300 769 1387 istud,
788 1300 935 1374 adulter
951 1299 1038 1374 eris.
1151 1300 1232 1397 [est.

201 1418 311 1515 Elige
327 1417 379 1491 de
393 1415 533 1502 vacuis,
553 1438 668 1513 quam
686 1439 760 1490 non
777 1415 850 1488 sibi
863 1414 1030 1490 vindicet
1045 1415 1152 1490 alter.

253 1533 294 1606 Si
313 1533 448 1617 nescis,
465 1531 660 1605 dominum
678 1552 738 1603 res
755 1528 872 1603 habet
888 1529 961 1604 iste
976 1553 1100 1604 suum.
1171 1532 1233 1604 150

202 1648 285 1722 Nec
303 1647 394 1720 mihi
412 1645 637 1720 credideris:
666 1644 844 1719 recitetur
860 1643 1019 1719 formula
1033 1644 1151 1745 pacti.

253 1763 289 1836 N
292 1786 339 1836 eu
357 1762 489 1837 falsam
506 1760 611 1836 dicas
628 1785 734 1847 esse3
763 1759 845 1834 sace
863 1759 946 1858 ipsu
960 1760 1076 1857 legat.

202 1877 367 1952 Alterius
384 1877 561 1963 thalamo,
582 1877 650 1950 tibi
668 1900 749 1962 nos,
769 1876 838 1950 tibi
856 1876 1030 1965 dicimus,
1047 1877 1125 1952 exi.

252 1992 352 2078 Quid
371 1991 462 2066 sacis
480 1993 567 2066 hic?
593 1993 672 2082 exi3
702 2017 777 2066 non
794 2003 903 2068 vacat
919 1993 991 2068 iste
1007 2004 1125 2068 torus.

204 2109 303 2181 Nam
321 2107 424 2206 quod
442 2108 559 2181 habes
577 2119 616 2180 et
633 2118 674 2180 tu
692 2107 843 2181 humani
856 2109 970 2183 verba
986 2109 1105 2184 altera
1121 2106 1232 2210 pactu

252 2222 339 2297 Non
357 2222 428 2295 erit
445 2222 583 2296 idcirco
600 2246 668 2321 par
685 2233 750 2296 tua
766 2246 901 2299 caussa
917 2248 1025 2301 meae.
1172 2225 1235 2303 ttt

200 2444 231 2492 ad
248 2442 357 2491 Fronton.
368 2442 412 2490 lib.
429 2440 465 2490 iii.
481 2440 585 2505 Strateg.
596 2457 651 2507 etp.
662 2442 698 2491 iii.
747 2443 808 2493 dixit
817 2459 860 2509 pro
875 2441 1036 2510 egrorepihus
1045 2436 1238 2493 muniuit&-

199 2518 293 2567 eect06.
326 2517 416 2565 Bunrr.
747 2515 783 2565 iii.
792 2516 847 2565 Art.
857 2517 916 2566 562.

235 2592 291 2640 142.
319 2591 414 2640 Plenior
437 2591 480 2639 itta
506 2606 546 2638 πω
565 2590 620 2652 tet]
650 2589 696 2638 leta
782 2588 1238 2652 Temptrnorimt'ht'mm

198 2664 289 2730 scripti.
318 2664 451 2713 Humor.
491 2663 585 2712 Plenior
602 2663 641 2712 hic
661 2673 698 2713 est
842 2667 898 2712 uni.-

199 2739 281 2803 major,
303 2738 418 2804 templium
444 2736 563 2802 proprium
586 2738 616 2786 de
636 2737 697 2786 divi-
813 2736 932 2802 cingente
952 2746 985 2785 ert
1007 2738 1063 2786 altit
1087 2737 1176 2800 up’lrrs
1197 2738 1239 2787 tn·

198 2812 239 2862 tiis
265 2812 417 2862 vocabulum.
451 2811 486 2860 ite
512 2811 620 2861 Mertiel.
654 2811 695 2861 vii.
842 2826 909 2876 seges.

200 2888 240 2936 tt.
746 2881 810 2932 Hinc
820 2891 845 2932 et
855 2884 919 2950 apud
929 2883 1237 2951 Virgil.inGeergieie,lih

234 2959 350 3006 Divitibus
357 2968 447 3020 poteras
457 2975 530 3007 mutat
540 2962 695 3024 elegosqueto·
747 2956 765 3004 i.
776 2957 833 3006 270.
866 2957 940 3023 Segtti
950 2959 1181 3021 protuleram.
1209 2956 1237 3007 St

295 3041 376 3081 nantes
746 3037 817 3095 sepire
831 3043 925 3098 tegetem
942 3031 1073 3083 colnmeu.
1091 3032 1135 3083 lib.
1148 3031 1175 3082 ii.
1186 3042 1237 3099 up.

267 3105 367 3159 Mittere,
376 3108 514 3166 pauperihus
525 3122 619 3153 mrrnera
628 3107 697 3168 pleno
748 3107 806 3156 xxii.
831 3109 868 3156 Aa
884 3124 942 3170 ntem
958 3108 1057 3156 «turim
1073 3105 1204 3157 Pacuvium
1216 3112 1238 3156 tl

294 3181 358 3226 doto.
562 3206 566 3211 ·
746 3181 928 3237 Arondelianus,
962 3180 1068 3246 proxime
1094 3179 1128 3229 ed
1153 3174 1237 3231 mhi

201 3253 235 3300 Ut
245 3251 371 3314 legendum
382 3260 446 3300 recte
457 3252 555 3302 Vossius
565 3254 595 3302 ad
607 3253 695 3302 Catulli
746 3255 838 3303 limus.

199 3338 273 3372 carm.
286 3323 336 3371 xiii.
346 3332 495 3379 essecenret,
505 3334 530 3372 et
538 3326 652 3390 explicat.
661 3325 697 3375 ite
781 3329 836 3377 1⁴⁵.
854 3325 982 3390 Turpiter]
1001 3325 1064 3375 Cum
1082 3324 1199 3377 dedecore
1215 3332 1237 3376 et

199 3396 264 3462 apud
276 3396 359 3445 Horat.
372 3397 458 3445 iton.
472 3400 510 3445 12.
540 3399 624 3447 Plenas
634 3400 695 3447 Arn-
746 3400 852 3449 infamia.
885 3400 957 3449 Cror.

200 3472 343 3519 humdonot.
365 3470 508 3520 scholiastes
518 3476 599 3520 divites
609 3474 695 3524 reddit.
781 3477 836 3524 15³.
853 3472 904 3521 libi
921 3489 968 3529 not,
987 3473 1029 3520 riti
1045 3472 1168 3538 duim]
1184 3470 1236 3522 m.-

200 3544 278 3593 Cicer.
294 3543 336 3592 uii.
347 3543 378 3592 ad
396 3544 464 3591 Fam.
479 3546 504 3592 9.
528 3545 606 3594 Serius
623 3551 698 3609 potins
746 3564 805 3612 gens
821 3556 846 3596 et
854 3545 965 3595 solemnis
975 3543 1144 3611 increpatam
1154 3538 1239 3612 grub-

199 3622 230 3668 αδ
246 3634 293 3675 not,
309 3620 364 3666 dum
378 3620 477 3680 plenior.
495 3618 552 3668 vid.
569 3620 649 3670 Gnav.
666 3624 697 3673 ed
746 3619 1110 3671 simetormula.ix.Met.122

198 3692 277 3742 Cicer.
296 3708 338 3757 pro
359 3691 418 3740 Ros.
435 3691 519 3741 rimer.
538 3694 564 3740 2.
581 3703 605 3742 et
620 3694 655 3745 sic
671 3714 696 3744 v.
842 3691 1032 3747 -rot
1045 3691 1116 3743 Nem
1126 3690 1228 3758 essm

199 3767 269 3817 Verr.
291 3766 332 3815 56.
369 3766 483 3814 Pleniores
504 3781 545 3829 pro
566 3765 696 3817 ditioribus.
780 3768 892 3823 Dbimut,
908 3769 999 3822 meai,
1019 3783 1062 3816 noc
1082 3784 1119 3817 res
1134 3766 1237 3827 Μ

199 3841 290 3888 llunrr.⁴
841 3849 936 3888 moos.

233 3915 289 3962 144.
308 3914 344 3960 Ad
355 3930 401 3975 spes
415 3915 512 3961 alterius
523 3918 572 3977 puis
586 3916 625 3961 tthr'
633 3915 696 3979 stct't
747 3915 808 3962 Vide
818 3914 848 3962 ad
860 3912 954 3961 Phaedrl
964 3911 1007 3962 lib.
1014 3913 1048 3963 iv.
1059 3912 1121 3962 Feb·
1133 3906 1235 3963 mab

196 3986 270 4050 iteri]
291 3989 327 4034 Ad
345 4005 416 4049 sepem
434 3989 530 4036 alterius
547 3987 622 4036 codex
635 4005 696 4039 unns
746 3988 926 4046 hictuntanum
944 3984 1235 4037 attraheret-ude

198 4059 324 4108 Mediceus
331 4077 385 4109 cum
393 4061 469 4126 prima
476 4062 587 4110 editione.
594 4062 694 4127 optime:
745 4061 852 4126 sequenti
868 4061 1023 4111 versumulti
1037 4060 1098 4111 editi
1113 4069 1139 4111 et
1153 4054 1235 4127 m

197 4132 300 4197 persistit
316 4134 378 4182 enirn
397 4135 421 4182 in
433 4135 579 4199 metaphora.
592 4141 616 4182 et
625 4152 694 4197 sepem
745 4137 799 4198 qnid
803 4134 883 4198 saris?
899 4136 952 4183 hine
962 4137 1012 4184 esi.¹
1041 4136 1133 4185 Boni
