2896 4980
460 318 676 392 AMORUM
699 318 789 389 LIB.
815 319 885 387 111.
909 318 961 387 11.
1166 321 1232 387 tut

195 498 288 599 Ergo
306 525 378 598 ego
395 500 567 585 sustinui,
586 498 727 571 foribus
744 507 822 570 tarn
840 519 942 593 saepe
960 495 1145 593 repulsus

241 616 448 713 ingenuum
466 616 561 688 durd
580 637 719 712 ponere
737 636 873 711 corpus
891 612 1018 684 humo.
1187 617 1231 684 10

197 727 290 827 Ergo
304 756 375 829 ego
393 731 520 805 nescio
538 730 611 816 cui,
631 751 745 825 quem
762 739 803 800 tu
821 729 1021 825 complexa
1037 729 1207 809 tenebas,

241 847 414 922 Excubui
433 848 612 930 clausam,
632 869 760 917 servus
778 853 831 929 ut,
851 853 938 916 ante
955 843 1120 916 domum.

199 962 276 1037 Vidi
294 988 378 1059 ege,
397 986 484 1035 cunr
501 961 643 1032 foribus
660 960 782 1032 lassus
800 958 966 1056 prodiret
984 969 1137 1042 amator,

241 1079 451 1153 Invalidum
469 1076 632 1151 referens
651 1075 924 1170 emeritumque
942 1074 1052 1146 latus.

199 1192 276 1269 Hoc
289 1205 416 1269 tamen
431 1206 490 1267 est
502 1193 632 1276 levius
648 1215 761 1289 quarn
777 1190 976 1289 quodsum
987 1191 1087 1263 visus
1098 1191 1146 1262 ab
1158 1189 1231 1261 illo.

244 1308 404 1384 Eveniat
421 1309 555 1382 nostris
573 1307 743 1380 hostibus
762 1307 824 1379 ille
841 1305 973 1404 pudor.
1191 1309 1233 1376 16

199 1423 355 1511 Quando
374 1450 444 1520 ego
463 1449 535 1497 non
553 1424 652 1495 fixus
669 1423 774 1495 lateri
793 1422 989 1519 spatiantis
1007 1422 1161 1521 adhaesi,

245 1541 333 1640 lpse
350 1552 438 1615 tuus
456 1550 595 1625 custos,
615 1540 696 1636 ipsc
714 1539 779 1624 vir,
800 1540 880 1636 ipse
898 1539 1047 1611 comes?

202 1655 352 1729 Scilicet
369 1667 408 1728 et
425 1656 564 1753 populo
583 1677 649 1751 per
667 1677 727 1727 rne
745 1664 894 1726 cantata
912 1653 1100 1750 placebas.

247 1772 395 1845 Caussa
410 1771 479 1843 fuit
497 1771 622 1842 multis
641 1782 766 1844 noster
785 1770 919 1842 auroris
938 1793 1052 1841 annor.
1189 1774 1239 1839 20

201 1882 336 1986 Turpia
354 1888 444 1983 quid
463 1887 619 1960 referam
638 1911 741 1960 vauae
761 1886 956 1959 mendacia
972 1886 1123 1980 liuguae,

249 2000 298 2075 Et
315 2003 524 2100 perjuratus
543 2002 580 2073 in
599 2026 683 2075 mea
700 2003 836 2074 damna
855 2001 983 2075 Deos?

202 2112 297 2200 Quid
312 2119 492 2214 juvenum
510 2117 645 2189 tacitos
664 2118 759 2189 inter
777 2118 945 2190 convivia
963 2127 1094 2204 nutus;

248 2231 448 2328 Verbaque
467 2235 684 2330 compositis
704 2234 937 2306 dissimulata
955 2233 1077 2305 notis?

205 2343 314 2421 Dicta
330 2360 411 2421 erat
428 2373 527 2443 aegra
544 2349 650 2420 mihi:
682 2373 849 2446 praeceps
862 2371 1065 2443 amensque
1080 2349 1239 2420 cucurri.

250 2462 364 2549 Veni;
394 2476 432 2537 et
449 2466 550 2536 rivali
569 2488 642 2536 non
662 2477 740 2537 erat
758 2488 856 2559 aegra
874 2489 969 2535 meo.
1194 2467 1242 2534 26

205 2574 284 2664 His,
304 2589 344 2652 et
361 2602 446 2674 quae
463 2592 582 2662 taccu,
602 2579 730 2649 duravi
749 2602 849 2674 saepe
868 2577 1041 2650 ferendis,

252 2691 388 2777 Quoere
407 2694 518 2766 aliurn
535 2719 601 2791 pro
621 2720 692 2779 ure,
714 2695 777 2790 qui
797 2705 911 2788 queat
929 2695 1001 2764 ista
1017 2691 1106 2787 pati.

204 2804 287 2881 Jum
305 2830 401 2893 mea,
420 2808 541 2880 votivi
561 2808 697 2905 puppis
716 2808 887 2880 redimita
904 2808 1055 2890 corond,

254 2921 374 2997 Lenta
390 2934 641 2997 tumescentes
661 2925 821 3021 aequoris
836 2925 939 2997 audit
956 2946 1086 3021 aquas.
1197 2931 1246 2998 30

240 3180 275 3229 19.
286 3180 376 3229 Scilicet
388 3193 413 3229 ut
428 3186 510 3245 populu
526 3200 566 3245 per
584 3203 616 3232 me
633 3188 699 3232 rorrri·
751 3187 788 3234 iric
805 3184 937 3233 absolutum
958 3182 1058 3236 Drnure,
1076 3179 1160 3229 eudem
1178 3180 1247 3229 ruodo

205 3260 252 3300 tutu
265 3254 394 3317 placebat]
421 3257 533 3304 Cernitutc
548 3272 589 3318 per·
604 3275 638 3306 rne
648 3270 699 3322 pot·
751 3259 861 3323 positum,
874 3266 900 3305 ut
911 3253 973 3320 apud
984 3255 1052 3318 virg.
1063 3253 1107 3302 lib.
1117 3256 1135 3303 i.
1146 3255 1205 3303 207.

204 3333 240 3374 est
250 3325 347 3392 quidem
358 3326 459 3386 tolerari,
471 3338 497 3377 ut
514 3329 590 3395 Epist.
608 3330 641 3379 iii.
658 3332 700 3379 29.
785 3331 883 3386 Durate,
898 3341 921 3377 et
938 3338 1017 3375 rnrmet
1033 3330 1098 3377 rebus
1112 3340 1199 3378 seruate
1214 3346 1247 3377 se·

206 3398 252 3449 Per
268 3417 322 3464 quos
337 3405 443 3451 comitata
463 3407 569 3452 redirem.
590 3406 632 3453 sed
651 3406 702 3468 jam
816 3407 904 3452 rrtndir.
1122 3405 1216 3452 Mrcrc.

205 3475 348 3537 precedenti
367 3475 469 3525 disticho
487 3475 518 3525 de
540 3477 584 3525 hoc
609 3487 701 3543 egerat.
753 3478 810 3526 Vid.
818 3477 849 3526 ad
859 3475 975 3535 Quinctil.
985 3476 1019 3525 ir.
1031 3479 1054 3525 2.

205 3545 312 3597 Fruucci.
330 3557 355 3597 ct
370 3549 500 3600 Palatinus.
515 3559 617 3603 cantatu.
638 3550 702 3616 quod
785 3553 825 3600 29.
837 3551 890 3599 Jum
901 3568 949 3599 inec
959 3555 1033 3598 entitur
1048 3554 1129 3613 puppis
1145 3554 1249 3599 redimita

205 3622 280 3686 magis
294 3622 382 3688 placet.
409 3624 447 3671 Sic
467 3622 535 3687 Eleg.
557 3638 608 3687 seq.
631 3641 653 3670 s.
676 3626 700 3672 7.
752 3643 835 3673 rorone
847 3624 910 3673 Luta
927 3635 1071 3672 tumescentes
1082 3628 1250 3687 oeqrroriseudit

204 3693 271 3752 dicit.
283 3698 330 3744 ruis
340 3698 421 3747 titettts
433 3700 562 3746 innotuisse.
579 3707 603 3745 et
621 3708 702 3746 notum
752 3700 844 3763 aquus]
868 3699 981 3748 Sciebant
996 3707 1087 3746 veteres
1105 3705 1192 3753 naute,
1208 3697 1249 3746 ubi

205 3778 248 3825 est,
265 3768 348 3834 quuuti
368 3770 447 3819 Poiitae
466 3768 555 3819 faciant
571 3779 596 3817 ct
610 3771 704 3834 jactent
753 3774 1123 3839 inportumpervenerant,naves
1131 3782 1250 3819 coronare.

204 3857 297 3907 operam
308 3858 384 3901 suam,
395 3861 441 3909 qun
452 3843 544 3910 puellus
560 3842 704 3893 carminibus
756 3846 822 3909 Virg.
835 3846 876 3894 lib.
888 3845 919 3893 iv.
932 3845 1028 3892 AEueid.
1041 3846 1098 3892 418.

204 3917 310 3968 celebres
319 3918 416 3967 saciant.
440 3920 529 3967 Bunsr.
790 3921 905 3981 Puppibus
925 3929 946 3965 et
966 3920 1011 3964 turi
1032 3929 1105 3965 rruutu
1131 3921 1251 3979 imposuere

235 3992 277 4039 27.
290 3991 342 4048 His,
360 4002 381 4040 et
398 4011 445 4055 quc
462 4003 531 4047 tueee,
549 3994 633 4039 durani
649 4006 704 4053 supe
819 4009 918 4038 cernuus.
1148 3993 1218 4042 Cror.

198 4064 326 4129 ferendin]
360 4066 413 4121 Pro,
435 4065 555 4114 Obdurui:
585 4075 619 4111 est
640 4063 703 4111 enirn

238 4144 312 4193 VOL.
326 4144 345 4191 1.
846 4146 885 4193 Fr
