<?xml version="1.0" encoding="UTF-8"?>
<!DOCTYPE html PUBLIC "-//W3C//DTD XHTML 1.0 Transitional//EN"
    "http://www.w3.org/TR/xhtml1/DTD/xhtml1-transitional.dtd">
<html xmlns="http://www.w3.org/1999/xhtml" xml:lang="en" lang="en">
 <head>
  <title>
</title>
<meta http-equiv="Content-Type" content="text/html;charset=utf-8" />
  <meta name='ocr-system' content='tesseract 3.04.00' />
  <meta name='ocr-capabilities' content='ocr_page ocr_carea ocr_par ocr_line ocrx_word'/>
</head>
<body>
  <div class='ocr_page' id='page_1' title='image "./povidiinasoniso01burmgoog_0167.png"; bbox 0 0 2896 4980; ppageno 0'>
   <div class='ocr_carea' id='block_1_1' title="bbox 486 357 1241 427">
    <p class='ocr_par' dir='ltr' id='par_1_1' title="bbox 486 357 1241 427">
     <span class='ocr_line' id='line_1_1' title="bbox 486 357 1241 427; baseline -0.001 -1"><span class='ocrx_word' id='word_1_1' title='bbox 486 358 745 427; x_wconf 83' lang='lat' dir='ltr'><strong>HEROIDES.</strong></span> <span class='ocrx_word' id='word_1_2' title='bbox 771 358 840 425; x_wconf 79' lang='lat' dir='ltr'>BP.</span> <span class='ocrx_word' id='word_1_3' title='bbox 864 357 955 423; x_wconf 82' lang='grc' dir='ltr'>ΧΠ.</span> <span class='ocrx_word' id='word_1_4' title='bbox 1176 359 1241 425; x_wconf 80' lang='lat' dir='ltr'>lat</span> 
     </span>
    </p>
   </div>
   <div class='ocr_carea' id='block_1_2' title="bbox 198 532 1244 1911">
    <p class='ocr_par' dir='ltr' id='par_1_2' title="bbox 198 532 1241 729">
     <span class='ocr_line' id='line_1_2' title="bbox 198 532 1122 632; baseline -0.008 -20"><span class='ocrx_word' id='word_1_5' title='bbox 198 535 252 612; x_wconf 85' lang='lat' dir='ltr'>At</span> <span class='ocrx_word' id='word_1_6' title='bbox 266 562 342 612; x_wconf 92' lang='lat' dir='ltr'>nun</span> <span class='ocrx_word' id='word_1_7' title='bbox 358 547 398 610; x_wconf 84' lang='lat' dir='ltr'>te</span> <span class='ocrx_word' id='word_1_8' title='bbox 413 535 561 632; x_wconf 79' lang='lat' dir='ltr'>fugiens</span> <span class='ocrx_word' id='word_1_9' title='bbox 578 536 659 608; x_wconf 89' lang='lat' dir='ltr'>sine</span> <span class='ocrx_word' id='word_1_10' title='bbox 676 558 750 621; x_wconf 91' lang='lat' dir='ltr'>me,</span> <span class='ocrx_word' id='word_1_11' title='bbox 770 556 957 630; x_wconf 80' lang='lat' dir='ltr'>germane,</span> <span class='ocrx_word' id='word_1_12' title='bbox 977 532 1122 630; x_wconf 82' lang='lat' dir='ltr'><strong>reliqui.</strong></span> 
     </span>
     <span class='ocr_line' id='line_1_3' title="bbox 247 650 1241 729; baseline -0.006 -1"><span class='ocrx_word' id='word_1_13' title='bbox 247 654 387 729; x_wconf 86' lang='lat' dir='ltr'>Deficit</span> <span class='ocrx_word' id='word_1_14' title='bbox 402 653 475 728; x_wconf 87' lang='lat' dir='ltr'>hoc</span> <span class='ocrx_word' id='word_1_15' title='bbox 491 677 566 726; x_wconf 92' lang='lat' dir='ltr'>uno</span> <span class='ocrx_word' id='word_1_16' title='bbox 583 653 692 726; x_wconf 91' lang='lat' dir='ltr'>litera</span> <span class='ocrx_word' id='word_1_17' title='bbox 707 662 835 725; x_wconf 88' lang='lat' dir='ltr'>nostra</span> <span class='ocrx_word' id='word_1_18' title='bbox 850 650 945 723; x_wconf 89' lang='lat' dir='ltr'>loco.</span> <span class='ocrx_word' id='word_1_19' title='bbox 1173 654 1241 723; x_wconf 82' lang='grc'>114</span> 
     </span>
    </p>

    <p class='ocr_par' dir='ltr' id='par_1_3' title="bbox 199 765 1243 983">
     <span class='ocr_line' id='line_1_4' title="bbox 199 765 1243 856; baseline -0.008 -10"><span class='ocrx_word' id='word_1_20' title='bbox 199 770 311 856; x_wconf 88' lang='lat' dir='ltr'>Quod</span> <span class='ocrx_word' id='word_1_21' title='bbox 323 769 447 844; x_wconf 84' lang='lat' dir='ltr'>facere</span> <span class='ocrx_word' id='word_1_22' title='bbox 458 793 550 843; x_wconf 86' lang='lat' dir='ltr'>ausa</span> <span class='ocrx_word' id='word_1_23' title='bbox 566 792 652 842; x_wconf 89' lang='lat' dir='ltr'>mea</span> <span class='ocrx_word' id='word_1_24' title='bbox 664 780 734 853; x_wconf 89' lang='lat' dir='ltr'>est,</span> <span class='ocrx_word' id='word_1_25' title='bbox 749 791 823 840; x_wconf 92' lang='lat' dir='ltr'>non</span> <span class='ocrx_word' id='word_1_26' title='bbox 833 766 947 840; x_wconf 88' lang='lat' dir='ltr'>audet</span> <span class='ocrx_word' id='word_1_27' title='bbox 960 765 1134 853; x_wconf 89' lang='lat' dir='ltr'>scribere,</span> <span class='ocrx_word' id='word_1_28' title='bbox 1148 767 1243 839; x_wconf 80' lang='lat' dir='ltr'>dex-</span> 
     </span>
     <span class='ocr_line' id='line_1_5' title="bbox 249 880 1241 983; baseline -0.005 -23"><span class='ocrx_word' id='word_1_29' title='bbox 249 887 314 960; x_wconf 90' lang='lat' dir='ltr'>Sic</span> <span class='ocrx_word' id='word_1_30' title='bbox 333 910 415 983; x_wconf 89' lang='lat' dir='ltr'>ego,</span> <span class='ocrx_word' id='word_1_31' title='bbox 436 886 505 959; x_wconf 88' lang='lat' dir='ltr'>sed</span> <span class='ocrx_word' id='word_1_32' title='bbox 521 897 660 969; x_wconf 89' lang='lat' dir='ltr'>tecum,</span> <span class='ocrx_word' id='word_1_33' title='bbox 679 882 922 957; x_wconf 91' lang='lat' dir='ltr'>dilaceranda</span> <span class='ocrx_word' id='word_1_34' title='bbox 936 880 1002 954; x_wconf 87' lang='lat' dir='ltr'>fui.</span> <span class='ocrx_word' id='word_1_35' title='bbox 1156 884 1241 977; x_wconf 92' lang='lat' dir='ltr'>[tra,</span> 
     </span>
    </p>

    <p class='ocr_par' dir='ltr' id='par_1_4' title="bbox 200 998 1243 1215">
     <span class='ocr_line' id='line_1_6' title="bbox 200 998 1243 1097; baseline -0.006 -20"><span class='ocrx_word' id='word_1_36' title='bbox 200 1002 284 1077; x_wconf 87' lang='lat' dir='ltr'>Nec</span> <span class='ocrx_word' id='word_1_37' title='bbox 301 1013 429 1075; x_wconf 89' lang='lat' dir='ltr'>tamen</span> <span class='ocrx_word' id='word_1_38' title='bbox 439 1000 595 1074; x_wconf 87' lang='lat' dir='ltr'>extimui</span> <span class='ocrx_word' id='word_1_39' title='bbox 609 1000 720 1097; x_wconf 86' lang='lat' dir='ltr'>(quid</span> <span class='ocrx_word' id='word_1_40' title='bbox 733 999 832 1072; x_wconf 91' lang='lat' dir='ltr'>enim</span> <span class='ocrx_word' id='word_1_41' title='bbox 850 1009 936 1096; x_wconf 90' lang='lat' dir='ltr'>post</span> <span class='ocrx_word' id='word_1_42' title='bbox 953 998 1017 1070; x_wconf 89' lang='lat' dir='ltr'>illa</span> <span class='ocrx_word' id='word_1_43' title='bbox 1032 998 1243 1092; x_wconf 80' lang='lat' dir='ltr'>timereml)</span> 
     </span>
     <span class='ocr_line' id='line_1_7' title="bbox 249 1114 1156 1215; baseline -0.008 -23"><span class='ocrx_word' id='word_1_44' title='bbox 249 1119 416 1192; x_wconf 80' lang='lat' dir='ltr'>Credere</span> <span class='ocrx_word' id='word_1_45' title='bbox 432 1142 494 1191; x_wconf 91' lang='lat' dir='ltr'>me</span> <span class='ocrx_word' id='word_1_46' title='bbox 511 1117 645 1215; x_wconf 85' lang='lat' dir='ltr'>pela&#39;go</span> <span class='ocrx_word' id='word_1_47' title='bbox 663 1114 813 1201; x_wconf 85' lang='lat' dir='ltr'>femina,</span> <span class='ocrx_word' id='word_1_48' title='bbox 832 1125 986 1211; x_wconf 88' lang='lat' dir='ltr'>tamque</span> <span class='ocrx_word' id='word_1_49' title='bbox 1003 1137 1156 1187; x_wconf 89' lang='lat' dir='ltr'>nocens.</span> 
     </span>
    </p>

    <p class='ocr_par' dir='ltr' id='par_1_5' title="bbox 199 1229 1244 1447">
     <span class='ocr_line' id='line_1_8' title="bbox 199 1229 1242 1314; baseline -0.008 -5"><span class='ocrx_word' id='word_1_50' title='bbox 199 1235 351 1309; x_wconf 92' lang='lat' dir='ltr'>Numen</span> <span class='ocrx_word' id='word_1_51' title='bbox 365 1235 429 1307; x_wconf 93' lang='lat' dir='ltr'>ubi</span> <span class='ocrx_word' id='word_1_52' title='bbox 443 1234 526 1307; x_wconf 80' lang='lat' dir='ltr'>estl</span> <span class='ocrx_word' id='word_1_53' title='bbox 545 1233 609 1305; x_wconf 91' lang='lat' dir='ltr'>ubi</span> <span class='ocrx_word' id='word_1_54' title='bbox 624 1231 696 1303; x_wconf 83' lang='lat' dir='ltr'>Dll</span> <span class='ocrx_word' id='word_1_55' title='bbox 718 1231 869 1303; x_wconf 89' lang='lat' dir='ltr'>meritas</span> <span class='ocrx_word' id='word_1_56' title='bbox 883 1231 1084 1303; x_wconf 84' lang='lat' dir='ltr'>subeamus</span> <span class='ocrx_word' id='word_1_57' title='bbox 1098 1229 1135 1301; x_wconf 93' lang='lat' dir='ltr'>in</span> <span class='ocrx_word' id='word_1_58' title='bbox 1153 1229 1242 1314; x_wconf 84' lang='lat' dir='ltr'>olto,</span> 
     </span>
     <span class='ocr_line' id='line_1_9' title="bbox 248 1347 1244 1447; baseline -0.006 -24"><span class='ocrx_word' id='word_1_59' title='bbox 248 1350 306 1423; x_wconf 88' lang='lat' dir='ltr'>Tu</span> <span class='ocrx_word' id='word_1_60' title='bbox 324 1350 464 1423; x_wconf 80' lang='lat' dir='ltr'>fraudis</span> <span class='ocrx_word' id='word_1_61' title='bbox 481 1373 625 1447; x_wconf 87' lang='lat' dir='ltr'>poenas,</span> <span class='ocrx_word' id='word_1_62' title='bbox 643 1347 874 1421; x_wconf 82' lang='lat' dir='ltr'>credulitatis</span> <span class='ocrx_word' id='word_1_63' title='bbox 892 1371 975 1442; x_wconf 87' lang='lat' dir='ltr'>ego.</span> <span class='ocrx_word' id='word_1_64' title='bbox 1174 1350 1244 1418; x_wconf 86' lang='lat'>120</span> 
     </span>
    </p>

    <p class='ocr_par' dir='ltr' id='par_1_6' title="bbox 201 1463 1105 1679">
     <span class='ocr_line' id='line_1_10' title="bbox 201 1463 1105 1564; baseline -0.006 -24"><span class='ocrx_word' id='word_1_65' title='bbox 201 1465 433 1564; x_wconf 84' lang='lat' dir='ltr'>Complexus</span> <span class='ocrx_word' id='word_1_66' title='bbox 452 1466 593 1538; x_wconf 87' lang='lat' dir='ltr'>utinam</span> <span class='ocrx_word' id='word_1_67' title='bbox 614 1463 888 1562; x_wconf 84' lang='lat' dir='ltr'>Symplegades</span> <span class='ocrx_word' id='word_1_68' title='bbox 906 1463 1105 1546; x_wconf 69' lang='lat' dir='ltr'>ausissent,</span> 
     </span>
     <span class='ocr_line' id='line_1_11' title="bbox 250 1577 1092 1679; baseline -0.008 -23"><span class='ocrx_word' id='word_1_69' title='bbox 250 1582 466 1679; x_wconf 85' lang='lat' dir='ltr'>Nostraque</span> <span class='ocrx_word' id='word_1_70' title='bbox 484 1582 717 1655; x_wconf 85' lang='lat' dir='ltr'>adhaererent</span> <span class='ocrx_word' id='word_1_71' title='bbox 734 1581 881 1653; x_wconf 90' lang='lat' dir='ltr'>ossibus</span> <span class='ocrx_word' id='word_1_72' title='bbox 899 1602 986 1652; x_wconf 88' lang='lat' dir='ltr'>ossa</span> <span class='ocrx_word' id='word_1_73' title='bbox 1002 1577 1092 1650; x_wconf 90' lang='lat' dir='ltr'>tuis!</span> 
     </span>
    </p>

    <p class='ocr_par' dir='ltr' id='par_1_7' title="bbox 200 1693 1242 1911">
     <span class='ocr_line' id='line_1_12' title="bbox 200 1693 1206 1796; baseline -0.008 -23"><span class='ocrx_word' id='word_1_74' title='bbox 200 1697 278 1773; x_wconf 81' lang='lat' dir='ltr'>Aut</span> <span class='ocrx_word' id='word_1_75' title='bbox 294 1723 362 1771; x_wconf 89' lang='lat' dir='ltr'>nos</span> <span class='ocrx_word' id='word_1_76' title='bbox 383 1696 513 1796; x_wconf 88' lang='lat' dir='ltr'>Scylla</span> <span class='ocrx_word' id='word_1_77' title='bbox 530 1721 648 1796; x_wconf 85' lang='lat' dir='ltr'>rapax</span> <span class='ocrx_word' id='word_1_78' title='bbox 665 1697 821 1770; x_wconf 87' lang='lat' dir='ltr'>canibus</span> <span class='ocrx_word' id='word_1_79' title='bbox 840 1695 1004 1768; x_wconf 85' lang='lat' dir='ltr'>misisset</span> <span class='ocrx_word' id='word_1_80' title='bbox 1021 1693 1206 1768; x_wconf 87' lang='lat' dir='ltr'>edendos!</span> 
     </span>
     <span class='ocr_line' id='line_1_13' title="bbox 249 1809 1242 1911; baseline -0.006 -24"><span class='ocrx_word' id='word_1_81' title='bbox 249 1814 410 1911; x_wconf 89' lang='lat' dir='ltr'>(Debuit</span> <span class='ocrx_word' id='word_1_82' title='bbox 427 1813 582 1909; x_wconf 84' lang='lat' dir='ltr'>ingratis</span> <span class='ocrx_word' id='word_1_83' title='bbox 603 1812 733 1910; x_wconf 86' lang='lat' dir='ltr'>Scylla</span> <span class='ocrx_word' id='word_1_84' title='bbox 749 1835 886 1884; x_wconf 91' lang='lat' dir='ltr'>nocere</span> <span class='ocrx_word' id='word_1_85' title='bbox 901 1809 1021 1903; x_wconf 80' lang='lat' dir='ltr'>viris.)</span> <span class='ocrx_word' id='word_1_86' title='bbox 1173 1812 1242 1882; x_wconf 84' lang='lat'>124</span> 
     </span>
    </p>
   </div>
   <div class='ocr_carea' id='block_1_3' title="bbox 195 2112 1249 4256">
    <p class='ocr_par' dir='ltr' id='par_1_8' title="bbox 195 2112 1247 3368">
     <span class='ocr_line' id='line_1_14' title="bbox 233 2112 1244 2180; baseline 0.003 -19"><span class='ocrx_word' id='word_1_87' title='bbox 233 2113 286 2162; x_wconf 83' lang='grc'><strong>113.</strong></span> <span class='ocrx_word' id='word_1_88' title='bbox 302 2112 357 2162; x_wconf 78' lang='lat' dir='ltr'>stne</span> <span class='ocrx_word' id='word_1_89' title='bbox 367 2112 427 2176; x_wconf 60' lang='grc' dir='ltr'>Μ]</span> <span class='ocrx_word' id='word_1_90' title='bbox 445 2112 587 2178; x_wconf 76' lang='lat' dir='ltr'>Suspectum</span> <span class='ocrx_word' id='word_1_91' title='bbox 604 2113 648 2162; x_wconf 87' lang='lat' dir='ltr'>boc</span> <span class='ocrx_word' id='word_1_92' title='bbox 661 2122 697 2162; x_wconf 87' lang='lat' dir='ltr'>est</span> <span class='ocrx_word' id='word_1_93' title='bbox 781 2118 836 2164; x_wconf 82' lang='lat'>121.</span> <span class='ocrx_word' id='word_1_94' title='bbox 856 2116 989 2180; x_wconf 75' lang='lat' dir='ltr'>Compressos</span> <span class='ocrx_word' id='word_1_95' title='bbox 1005 2118 1095 2163; x_wconf 84' lang='lat' dir='ltr'>utinum</span> <span class='ocrx_word' id='word_1_96' title='bbox 1112 2114 1244 2180; x_wconf 82' lang='lat' dir='ltr'>Symplega-</span> 
     </span>
     <span class='ocr_line' id='line_1_15' title="bbox 197 2184 1244 2253; baseline 0.001 -18"><span class='ocrx_word' id='word_1_97' title='bbox 197 2194 223 2235; x_wconf 81' lang='lat' dir='ltr'>et</span> <span class='ocrx_word' id='word_1_98' title='bbox 232 2184 430 2236; x_wconf 78' lang='lat' dir='ltr'>duriterdictum.</span> <span class='ocrx_word' id='word_1_99' title='bbox 447 2185 525 2242; x_wconf 87' lang='lat' dir='ltr'>multi,</span> <span class='ocrx_word' id='word_1_100' title='bbox 533 2196 558 2234; x_wconf 84' lang='lat' dir='ltr'>at</span> <span class='ocrx_word' id='word_1_101' title='bbox 570 2197 591 2235; x_wconf 83' lang='lat' dir='ltr'>ts</span> <span class='ocrx_word' id='word_1_102' title='bbox 601 2204 646 2235; x_wconf 78' lang='lat' dir='ltr'>aon</span> <span class='ocrx_word' id='word_1_103' title='bbox 649 2187 696 2252; x_wconf 84' lang='lat' dir='ltr'>fu·</span> <span class='ocrx_word' id='word_1_104' title='bbox 747 2193 785 2240; x_wconf 69' lang='lat' dir='ltr'>du</span> <span class='ocrx_word' id='word_1_105' title='bbox 810 2193 928 2247; x_wconf 59' lang='lat' dir='ltr'>aluissent,</span> <span class='ocrx_word' id='word_1_106' title='bbox 954 2191 1081 2253; x_wconf 76' lang='lat' dir='ltr'>Nostraque</span> <span class='ocrx_word' id='word_1_107' title='bbox 1105 2191 1244 2239; x_wconf 61' lang='lat' dir='ltr'>adhererent</span> 
     </span>
     <span class='ocr_line' id='line_1_16' title="bbox 195 2260 1244 2327; baseline 0.002 -19"><span class='ocrx_word' id='word_1_108' title='bbox 195 2263 269 2327; x_wconf 74' lang='lat' dir='ltr'>girat.</span> <span class='ocrx_word' id='word_1_109' title='bbox 286 2269 314 2311; x_wconf 85' lang='lat' dir='ltr'>ut</span> <span class='ocrx_word' id='word_1_110' title='bbox 331 2276 415 2309; x_wconf 69' lang='lat' dir='ltr'>nasus</span> <span class='ocrx_word' id='word_1_111' title='bbox 431 2260 470 2318; x_wconf 82' lang='lat' dir='ltr'>rit,</span> <span class='ocrx_word' id='word_1_112' title='bbox 487 2276 534 2308; x_wconf 92' lang='lat' dir='ltr'>non</span> <span class='ocrx_word' id='word_1_113' title='bbox 550 2277 594 2326; x_wconf 89' lang='lat' dir='ltr'>ego</span> <span class='ocrx_word' id='word_1_114' title='bbox 605 2260 697 2326; x_wconf 85' lang='lat' dir='ltr'>lugiens</span> <span class='ocrx_word' id='word_1_115' title='bbox 747 2268 883 2314; x_wconf 71' lang='grc' dir='ltr'>ωιὶὺιιιοιια</span> <span class='ocrx_word' id='word_1_116' title='bbox 894 2268 951 2313; x_wconf 76' lang='lat' dir='ltr'>tuis:</span> <span class='ocrx_word' id='word_1_117' title='bbox 968 2265 1016 2312; x_wconf 80' lang='lat' dir='ltr'>Aut</span> <span class='ocrx_word' id='word_1_118' title='bbox 1028 2281 1067 2312; x_wconf 79' lang='lat' dir='ltr'>nor</span> <span class='ocrx_word' id='word_1_119' title='bbox 1077 2264 1155 2326; x_wconf 79' lang='lat' dir='ltr'>Scylla</span> <span class='ocrx_word' id='word_1_120' title='bbox 1164 2281 1244 2324; x_wconf 71' lang='lat' dir='ltr'>rupen,</span> 
     </span>
     <span class='ocr_line' id='line_1_17' title="bbox 197 2332 1242 2405; baseline -0.001 -20"><span class='ocrx_word' id='word_1_121' title='bbox 197 2332 283 2400; x_wconf 81' lang='lat' dir='ltr'>reliqui</span> <span class='ocrx_word' id='word_1_122' title='bbox 292 2341 318 2383; x_wconf 82' lang='lat' dir='ltr'>te</span> <span class='ocrx_word' id='word_1_123' title='bbox 327 2333 380 2383; x_wconf 85' lang='lat' dir='ltr'>siue</span> <span class='ocrx_word' id='word_1_124' title='bbox 391 2349 438 2390; x_wconf 86' lang='lat' dir='ltr'>me,</span> <span class='ocrx_word' id='word_1_125' title='bbox 448 2333 492 2382; x_wconf 78' lang='lat' dir='ltr'>sed</span> <span class='ocrx_word' id='word_1_126' title='bbox 502 2334 542 2382; x_wconf 90' lang='lat' dir='ltr'>vel</span> <span class='ocrx_word' id='word_1_127' title='bbox 554 2351 647 2383; x_wconf 85' lang='lat' dir='ltr'>mecum</span> <span class='ocrx_word' id='word_1_128' title='bbox 658 2351 696 2384; x_wconf 79' lang='lat' dir='ltr'>eu·</span> <span class='ocrx_word' id='word_1_129' title='bbox 746 2340 806 2403; x_wconf 69' lang='lat' dir='ltr'>dte]</span> <span class='ocrx_word' id='word_1_130' title='bbox 826 2340 966 2403; x_wconf 77' lang='lat' dir='ltr'>Indignatus</span> <span class='ocrx_word' id='word_1_131' title='bbox 971 2338 1082 2405; x_wconf 83' lang='lat' dir='ltr'>Juppiter</span> <span class='ocrx_word' id='word_1_132' title='bbox 1092 2347 1185 2402; x_wconf 82' lang='lat' dir='ltr'>propter</span> <span class='ocrx_word' id='word_1_133' title='bbox 1190 2337 1242 2384; x_wconf 82' lang='lat' dir='ltr'>Ab·</span> 
     </span>
     <span class='ocr_line' id='line_1_18' title="bbox 197 2407 1243 2483; baseline -0.002 -24"><span class='ocrx_word' id='word_1_134' title='bbox 197 2407 353 2483; x_wconf 58' lang='lat' dir='ltr'>minutim</span> <span class='ocrx_word' id='word_1_135' title='bbox 371 2407 484 2465; x_wconf 78' lang='lat' dir='ltr'>adsumsi,</span> <span class='ocrx_word' id='word_1_136' title='bbox 495 2418 523 2456; x_wconf 89' lang='lat' dir='ltr'>ut</span> <span class='ocrx_word' id='word_1_137' title='bbox 538 2409 634 2474; x_wconf 82' lang='lat' dir='ltr'>quidam</span> <span class='ocrx_word' id='word_1_138' title='bbox 651 2418 698 2458; x_wconf 78' lang='lat' dir='ltr'>tra·</span> <span class='ocrx_word' id='word_1_139' title='bbox 747 2414 806 2477; x_wconf 84' lang='lat' dir='ltr'>syrti</span> <span class='ocrx_word' id='word_1_140' title='bbox 816 2429 898 2462; x_wconf 79' lang='lat' dir='ltr'>necem</span> <span class='ocrx_word' id='word_1_141' title='bbox 915 2413 1035 2477; x_wconf 79' lang='lat' dir='ltr'>ingentem</span> <span class='ocrx_word' id='word_1_142' title='bbox 1044 2410 1188 2475; x_wconf 83' lang='lat' dir='ltr'>Argonautis</span> <span class='ocrx_word' id='word_1_143' title='bbox 1198 2411 1243 2458; x_wconf 86' lang='lat' dir='ltr'>irn-</span> 
     </span>
     <span class='ocr_line' id='line_1_19' title="bbox 197 2480 1246 2552; baseline -0.003 -20"><span class='ocrx_word' id='word_1_144' title='bbox 197 2480 266 2541; x_wconf 83' lang='lat' dir='ltr'>dunt,</span> <span class='ocrx_word' id='word_1_145' title='bbox 273 2480 312 2532; x_wconf 86' lang='lat' dir='ltr'>vel</span> <span class='ocrx_word' id='word_1_146' title='bbox 323 2481 488 2547; x_wconf 80' lang='lat' dir='ltr'>insequentem</span> <span class='ocrx_word' id='word_1_147' title='bbox 499 2492 522 2531; x_wconf 88' lang='lat' dir='ltr'>te</span> <span class='ocrx_word' id='word_1_148' title='bbox 531 2499 573 2532; x_wconf 86' lang='lat' dir='ltr'>nos</span> <span class='ocrx_word' id='word_1_149' title='bbox 583 2483 699 2532; x_wconf 86' lang='lat' dir='ltr'>interemi.</span> <span class='ocrx_word' id='word_1_150' title='bbox 748 2487 811 2536; x_wconf 62' lang='lat' dir='ltr'>misit</span> <span class='ocrx_word' id='word_1_151' title='bbox 822 2494 985 2552; x_wconf 71' lang='lat' dir='ltr'>tempestatem</span> <span class='ocrx_word' id='word_1_152' title='bbox 996 2504 1001 2533; x_wconf 88' lang='lat'>:</span> <span class='ocrx_word' id='word_1_153' title='bbox 1018 2494 1194 2550; x_wconf 76' lang='lat' dir='ltr'>propterquam</span> <span class='ocrx_word' id='word_1_154' title='bbox 1211 2485 1246 2532; x_wconf 78' lang='lat' dir='ltr'>ita</span> 
     </span>
     <span class='ocr_line' id='line_1_20' title="bbox 198 2555 1245 2625; baseline -0.003 -18"><span class='ocrx_word' id='word_1_155' title='bbox 198 2556 340 2625; x_wconf 73' lang='lat' dir='ltr'>Cogitabam</span> <span class='ocrx_word' id='word_1_156' title='bbox 357 2555 493 2620; x_wconf 67' lang='lat' dir='ltr'>aliquando,</span> <span class='ocrx_word' id='word_1_157' title='bbox 506 2559 537 2605; x_wconf 82' lang='lat' dir='ltr'>Ar</span> <span class='ocrx_word' id='word_1_158' title='bbox 547 2575 590 2606; x_wconf 85' lang='lat' dir='ltr'>rur</span> <span class='ocrx_word' id='word_1_159' title='bbox 602 2557 697 2622; x_wconf 75' lang='lat' dir='ltr'>nonstr-</span> <span class='ocrx_word' id='word_1_160' title='bbox 747 2560 789 2609; x_wconf 91' lang='lat' dir='ltr'>diu</span> <span class='ocrx_word' id='word_1_161' title='bbox 798 2568 912 2617; x_wconf 84' lang='lat' dir='ltr'>errarunt,</span> <span class='ocrx_word' id='word_1_162' title='bbox 923 2568 949 2608; x_wconf 88' lang='lat' dir='ltr'>ut</span> <span class='ocrx_word' id='word_1_163' title='bbox 960 2560 1050 2623; x_wconf 68' lang='lat' dir='ltr'>Libya),</span> <span class='ocrx_word' id='word_1_164' title='bbox 1058 2557 1154 2625; x_wconf 72' lang='lat' dir='ltr'>Gallias,</span> <span class='ocrx_word' id='word_1_165' title='bbox 1164 2556 1245 2605; x_wconf 86' lang='lat' dir='ltr'>Sardi·</span> 
     </span>
     <span class='ocr_line' id='line_1_21' title="bbox 197 2630 1244 2698; baseline -0.001 -17"><span class='ocrx_word' id='word_1_166' title='bbox 197 2633 303 2698; x_wconf 66' lang='lat' dir='ltr'>girardo</span> <span class='ocrx_word' id='word_1_167' title='bbox 314 2640 336 2680; x_wconf 82' lang='lat' dir='ltr'>te</span> <span class='ocrx_word' id='word_1_168' title='bbox 348 2630 462 2680; x_wconf 73' lang='lat' dir='ltr'>Germane</span> <span class='ocrx_word' id='word_1_169' title='bbox 476 2633 577 2695; x_wconf 76' lang='lat' dir='ltr'>reliqui?</span> <span class='ocrx_word' id='word_1_170' title='bbox 593 2648 636 2680; x_wconf 91' lang='lat' dir='ltr'>cur</span> <span class='ocrx_word' id='word_1_171' title='bbox 652 2649 698 2680; x_wconf 89' lang='lat' dir='ltr'>nou</span> <span class='ocrx_word' id='word_1_172' title='bbox 748 2635 803 2692; x_wconf 83' lang='lat' dir='ltr'>nire,</span> <span class='ocrx_word' id='word_1_173' title='bbox 817 2643 842 2684; x_wconf 86' lang='lat' dir='ltr'>et</span> <span class='ocrx_word' id='word_1_174' title='bbox 852 2634 969 2682; x_wconf 77' lang='lat' dir='ltr'>Hetruriae</span> <span class='ocrx_word' id='word_1_175' title='bbox 985 2633 1064 2680; x_wconf 85' lang='lat' dir='ltr'>littora</span> <span class='ocrx_word' id='word_1_176' title='bbox 1079 2630 1244 2696; x_wconf 70' lang='lat' dir='ltr'>preterierirrt.</span> 
     </span>
     <span class='ocr_line' id='line_1_22' title="bbox 198 2703 1246 2775; baseline -0.002 -20"><span class='ocrx_word' id='word_1_177' title='bbox 198 2703 282 2775; x_wconf 76' lang='lat' dir='ltr'>eodem</span> <span class='ocrx_word' id='word_1_178' title='bbox 298 2704 380 2763; x_wconf 78' lang='lat' dir='ltr'>uodo,</span> <span class='ocrx_word' id='word_1_179' title='bbox 397 2711 426 2754; x_wconf 93' lang='lat' dir='ltr'>ut</span> <span class='ocrx_word' id='word_1_180' title='bbox 441 2714 541 2754; x_wconf 80' lang='lat' dir='ltr'>matrem</span> <span class='ocrx_word' id='word_1_181' title='bbox 557 2714 582 2759; x_wconf 75' lang='lat' dir='ltr'>st</span> <span class='ocrx_word' id='word_1_182' title='bbox 597 2722 699 2755; x_wconf 83' lang='lat' dir='ltr'>sororem</span> <span class='ocrx_word' id='word_1_183' title='bbox 748 2708 898 2773; x_wconf 73' lang='lat' dir='ltr'>deceperant</span> <span class='ocrx_word' id='word_1_184' title='bbox 916 2716 995 2755; x_wconf 85' lang='lat' dir='ltr'>autern</span> <span class='ocrx_word' id='word_1_185' title='bbox 1013 2704 1081 2754; x_wconf 87' lang='lat' dir='ltr'>Jovis</span> <span class='ocrx_word' id='word_1_186' title='bbox 1101 2705 1160 2752; x_wconf 87' lang='lat' dir='ltr'>iram</span> <span class='ocrx_word' id='word_1_187' title='bbox 1180 2703 1246 2769; x_wconf 75' lang='lat' dir='ltr'>prius</span> 
     </span>
     <span class='ocr_line' id='line_1_23' title="bbox 196 2776 1245 2847; baseline -0.006 -15"><span class='ocrx_word' id='word_1_188' title='bbox 196 2776 290 2847; x_wconf 78' lang='lat' dir='ltr'>reliqui,</span> <span class='ocrx_word' id='word_1_189' title='bbox 297 2789 321 2830; x_wconf 85' lang='lat' dir='ltr'>te</span> <span class='ocrx_word' id='word_1_190' title='bbox 329 2796 424 2845; x_wconf 88' lang='lat' dir='ltr'>quoque</span> <span class='ocrx_word' id='word_1_191' title='bbox 436 2781 522 2845; x_wconf 84' lang='lat' dir='ltr'>reliqui</span> <span class='ocrx_word' id='word_1_192' title='bbox 532 2780 595 2829; x_wconf 81' lang='lat' dir='ltr'>&lt;lomi</span> <span class='ocrx_word' id='word_1_193' title='bbox 605 2782 698 2830; x_wconf 82' lang='lat' dir='ltr'>salvum</span> <span class='ocrx_word' id='word_1_194' title='bbox 748 2782 875 2830; x_wconf 84' lang='lat' dir='ltr'>desituram</span> <span class='ocrx_word' id='word_1_195' title='bbox 885 2795 996 2836; x_wconf 79' lang='lat' dir='ltr'>nonerse,</span> <span class='ocrx_word' id='word_1_196' title='bbox 1005 2794 1076 2844; x_wconf 90' lang='lat' dir='ltr'>quam</span> <span class='ocrx_word' id='word_1_197' title='bbox 1084 2778 1108 2825; x_wconf 91' lang='lat' dir='ltr'>in</span> <span class='ocrx_word' id='word_1_198' title='bbox 1115 2777 1245 2826; x_wconf 70' lang='lat' dir='ltr'>Ausoniam</span> 
     </span>
     <span class='ocr_line' id='line_1_24' title="bbox 198 2851 1245 2922; baseline -0.003 -18"><span class='ocrx_word' id='word_1_199' title='bbox 198 2863 223 2904; x_wconf 86' lang='lat' dir='ltr'>et</span> <span class='ocrx_word' id='word_1_200' title='bbox 239 2854 394 2911; x_wconf 68' lang='lat' dir='ltr'>indumen,</span> <span class='ocrx_word' id='word_1_201' title='bbox 409 2854 451 2904; x_wconf 81' lang='lat' dir='ltr'>red</span> <span class='ocrx_word' id='word_1_202' title='bbox 467 2865 491 2904; x_wconf 88' lang='lat' dir='ltr'>te</span> <span class='ocrx_word' id='word_1_203' title='bbox 510 2855 628 2905; x_wconf 76' lang='lat' dir='ltr'>laceravit</span> <span class='ocrx_word' id='word_1_204' title='bbox 644 2873 697 2904; x_wconf 86' lang='lat' dir='ltr'>mox</span> <span class='ocrx_word' id='word_1_205' title='bbox 748 2855 846 2922; x_wconf 82' lang='lat' dir='ltr'>protecti</span> <span class='ocrx_word' id='word_1_206' title='bbox 858 2854 955 2918; x_wconf 83' lang='lat' dir='ltr'>Absyrti</span> <span class='ocrx_word' id='word_1_207' title='bbox 971 2854 1038 2902; x_wconf 88' lang='lat' dir='ltr'>necis</span> <span class='ocrx_word' id='word_1_208' title='bbox 1051 2869 1066 2900; x_wconf 83' lang='lat' dir='ltr'>a</span> <span class='ocrx_word' id='word_1_209' title='bbox 1076 2852 1144 2901; x_wconf 85' lang='lat' dir='ltr'>Circe</span> <span class='ocrx_word' id='word_1_210' title='bbox 1156 2851 1245 2918; x_wconf 80' lang='lat' dir='ltr'>expiati</span> 
     </span>
     <span class='ocr_line' id='line_1_25' title="bbox 199 2926 1246 2996; baseline -0.004 -16"><span class='ocrx_word' id='word_1_211' title='bbox 199 2927 541 2995; x_wconf 49' lang='lat' dir='ltr'>pium-emmam&amp;</span> <span class='ocrx_word' id='word_1_212' title='bbox 558 2948 606 2996; x_wconf 82' lang='lat' dir='ltr'>ego,</span> <span class='ocrx_word' id='word_1_213' title='bbox 620 2933 651 2978; x_wconf 79' lang='lat' dir='ltr'>ric</span> <span class='ocrx_word' id='word_1_214' title='bbox 665 2940 698 2980; x_wconf 74' lang='lat' dir='ltr'>to·</span> <span class='ocrx_word' id='word_1_215' title='bbox 748 2931 855 2979; x_wconf 78' lang='lat' dir='ltr'>fuissent.</span> <span class='ocrx_word' id='word_1_216' title='bbox 887 2929 977 2977; x_wconf 81' lang='lat' dir='ltr'>Auctor</span> <span class='ocrx_word' id='word_1_217' title='bbox 994 2926 1152 2992; x_wconf 81' lang='lat' dir='ltr'>Apollodorus</span> <span class='ocrx_word' id='word_1_218' title='bbox 1166 2926 1210 2975; x_wconf 90' lang='lat' dir='ltr'>lib.</span> <span class='ocrx_word' id='word_1_219' title='bbox 1226 2927 1246 2976; x_wconf 83' lang='lat' dir='ltr'>i.</span> 
     </span>
     <span class='ocr_line' id='line_1_26' title="bbox 198 3000 1245 3069; baseline -0.002 -17"><span class='ocrx_word' id='word_1_220' title='bbox 198 3019 257 3061; x_wconf 69' lang='lat' dir='ltr'>otto,</span> <span class='ocrx_word' id='word_1_221' title='bbox 265 3002 335 3069; x_wconf 75' lang='lat' dir='ltr'>quari</span> <span class='ocrx_word' id='word_1_222' title='bbox 352 3001 384 3050; x_wconf 86' lang='lat' dir='ltr'>ad</span> <span class='ocrx_word' id='word_1_223' title='bbox 394 3001 524 3068; x_wconf 75' lang='lat' dir='ltr'>Absyrtum</span> <span class='ocrx_word' id='word_1_224' title='bbox 535 3012 597 3053; x_wconf 83' lang='lat' dir='ltr'>esset</span> <span class='ocrx_word' id='word_1_225' title='bbox 606 3020 698 3063; x_wconf 85' lang='lat' dir='ltr'>sermo;</span> <span class='ocrx_word' id='word_1_226' title='bbox 748 3013 820 3069; x_wconf 87' lang='lat' dir='ltr'>atque</span> <span class='ocrx_word' id='word_1_227' title='bbox 830 3003 918 3053; x_wconf 84' lang='lat' dir='ltr'>idcireo</span> <span class='ocrx_word' id='word_1_228' title='bbox 926 3003 1001 3051; x_wconf 70' lang='lat' dir='ltr'>Poeta</span> <span class='ocrx_word' id='word_1_229' title='bbox 1011 3002 1096 3067; x_wconf 71' lang='lat' dir='ltr'>Scylla</span> <span class='ocrx_word' id='word_1_230' title='bbox 1107 3010 1132 3049; x_wconf 91' lang='lat' dir='ltr'>et</span> <span class='ocrx_word' id='word_1_231' title='bbox 1139 3000 1245 3065; x_wconf 82' lang='lat' dir='ltr'>Charyb·</span> 
     </span>
     <span class='ocr_line' id='line_1_27' title="bbox 199 3075 1245 3143; baseline 0 -17"><span class='ocrx_word' id='word_1_232' title='bbox 199 3075 242 3126; x_wconf 79' lang='lat' dir='ltr'>tad</span> <span class='ocrx_word' id='word_1_233' title='bbox 259 3075 390 3143; x_wconf 71' lang='lat' dir='ltr'>respiciunt</span> <span class='ocrx_word' id='word_1_234' title='bbox 412 3076 456 3125; x_wconf 89' lang='lat' dir='ltr'>illa</span> <span class='ocrx_word' id='word_1_235' title='bbox 475 3078 596 3126; x_wconf 85' lang='lat' dir='ltr'>Jasouem.</span> <span class='ocrx_word' id='word_1_236' title='bbox 626 3094 698 3142; x_wconf 86' lang='lat' dir='ltr'>quare</span> <span class='ocrx_word' id='word_1_237' title='bbox 748 3080 785 3128; x_wconf 82' lang='lat' dir='ltr'>dis</span> <span class='ocrx_word' id='word_1_238' title='bbox 795 3079 839 3127; x_wconf 87' lang='lat' dir='ltr'>boc</span> <span class='ocrx_word' id='word_1_239' title='bbox 847 3079 899 3127; x_wconf 92' lang='lat' dir='ltr'>loco</span> <span class='ocrx_word' id='word_1_240' title='bbox 907 3077 1022 3127; x_wconf 88' lang='lat' dir='ltr'>meminit.</span> <span class='ocrx_word' id='word_1_241' title='bbox 1057 3076 1245 3134; x_wconf 82' lang='lat' dir='ltr'>Quamrembic</span> 
     </span>
     <span class='ocr_line' id='line_1_28' title="bbox 198 3147 1247 3218; baseline 0.001 -19"><span class='ocrx_word' id='word_1_242' title='bbox 198 3158 262 3199; x_wconf 77' lang='lat' dir='ltr'>tecte</span> <span class='ocrx_word' id='word_1_243' title='bbox 278 3149 314 3198; x_wconf 66' lang='grc' dir='ltr'>ἑο</span> <span class='ocrx_word' id='word_1_244' title='bbox 324 3166 370 3214; x_wconf 85' lang='lat' dir='ltr'>ego</span> <span class='ocrx_word' id='word_1_245' title='bbox 382 3147 417 3198; x_wconf 84' lang='lat' dir='ltr'>tui</span> <span class='ocrx_word' id='word_1_246' title='bbox 433 3149 585 3199; x_wconf 85' lang='lat' dir='ltr'>dilaceranda</span> <span class='ocrx_word' id='word_1_247' title='bbox 603 3168 618 3198; x_wconf 89' lang='lat' dir='ltr'>a</span> <span class='ocrx_word' id='word_1_248' title='bbox 629 3151 698 3201; x_wconf 81' lang='lat' dir='ltr'>fratre</span> <span class='ocrx_word' id='word_1_249' title='bbox 748 3154 853 3210; x_wconf 86' lang='lat' dir='ltr'>miratur,</span> <span class='ocrx_word' id='word_1_250' title='bbox 865 3153 903 3202; x_wconf 90' lang='lat' dir='ltr'>vel</span> <span class='ocrx_word' id='word_1_251' title='bbox 913 3152 992 3218; x_wconf 86' lang='lat' dir='ltr'>potius</span> <span class='ocrx_word' id='word_1_252' title='bbox 1002 3150 1247 3217; x_wconf 71' lang='lat' dir='ltr'>quaeritatl&#39;gnatius.</span> 
     </span>
     <span class='ocr_line' id='line_1_29' title="bbox 199 3222 1245 3290; baseline 0.004 -20"><span class='ocrx_word' id='word_1_253' title='bbox 199 3237 259 3281; x_wconf 81' lang='lat' dir='ltr'>uteo,</span> <span class='ocrx_word' id='word_1_254' title='bbox 273 3223 318 3273; x_wconf 80' lang='lat' dir='ltr'>sed</span> <span class='ocrx_word' id='word_1_255' title='bbox 335 3222 407 3271; x_wconf 69' lang='lat' dir='ltr'>amul</span> <span class='ocrx_word' id='word_1_256' title='bbox 422 3239 477 3271; x_wconf 89' lang='lat' dir='ltr'>curn</span> <span class='ocrx_word' id='word_1_257' title='bbox 494 3225 583 3273; x_wconf 78' lang='lat' dir='ltr'>Jesone</span> <span class='ocrx_word' id='word_1_258' title='bbox 601 3225 698 3289; x_wconf 87' lang='lat' dir='ltr'>perfido.</span> <span class='ocrx_word' id='word_1_259' title='bbox 749 3230 887 3278; x_wconf 79' lang='lat' dir='ltr'>Cromnos.</span> <span class='ocrx_word' id='word_1_260' title='bbox 923 3228 1049 3290; x_wconf 70' lang='lat' dir='ltr'>Complexus</span> <span class='ocrx_word' id='word_1_261' title='bbox 1065 3225 1113 3274; x_wconf 91' lang='lat' dir='ltr'>duo</span> <span class='ocrx_word' id='word_1_262' title='bbox 1129 3225 1245 3275; x_wconf 85' lang='lat' dir='ltr'>Medicei.</span> 
     </span>
     <span class='ocr_line' id='line_1_30' title="bbox 199 3295 1246 3368; baseline -0.002 -17"><span class='ocrx_word' id='word_1_263' title='bbox 199 3295 327 3347; x_wconf 71' lang='lat' dir='ltr'>lii-Amor·</span> <span class='ocrx_word' id='word_1_264' title='bbox 339 3295 389 3346; x_wconf 78' lang='lat' dir='ltr'>xiv·</span> <span class='ocrx_word' id='word_1_265' title='bbox 402 3296 443 3344; x_wconf 80' lang='lat'>46·</span> <span class='ocrx_word' id='word_1_266' title='bbox 749 3303 802 3353; x_wconf 84' lang='lat' dir='ltr'>vide</span> <span class='ocrx_word' id='word_1_267' title='bbox 813 3313 880 3351; x_wconf 81' lang='lat' dir='ltr'>notas</span> <span class='ocrx_word' id='word_1_268' title='bbox 890 3302 965 3368; x_wconf 86' lang='lat' dir='ltr'>Epist.</span> <span class='ocrx_word' id='word_1_269' title='bbox 975 3303 1008 3350; x_wconf 88' lang='lat' dir='ltr'>iv.</span> <span class='ocrx_word' id='word_1_270' title='bbox 1018 3317 1078 3350; x_wconf 80' lang='lat' dir='ltr'>vers.</span> <span class='ocrx_word' id='word_1_271' title='bbox 1091 3302 1146 3350; x_wconf 84' lang='lat'>1³9.</span> <span class='ocrx_word' id='word_1_272' title='bbox 1166 3302 1246 3349; x_wconf 79' lang='lat' dir='ltr'>llum-</span> 
     </span>
    </p>

    <p class='ocr_par' dir='ltr' id='par_1_9' title="bbox 231 3370 1247 3440">
     <span class='ocr_line' id='line_1_31' title="bbox 231 3370 1247 3440; baseline 0.003 -19"><span class='ocrx_word' id='word_1_273' title='bbox 231 3370 296 3421; x_wconf 76' lang='lat' dir='ltr'>Trure</span> <span class='ocrx_word' id='word_1_274' title='bbox 306 3389 356 3437; x_wconf 69' lang='grc' dir='ltr'>ῳ,</span> <span class='ocrx_word' id='word_1_275' title='bbox 366 3374 404 3419; x_wconf 83' lang='lat' dir='ltr'>ted</span> <span class='ocrx_word' id='word_1_276' title='bbox 415 3381 489 3419; x_wconf 80' lang='lat' dir='ltr'>tecum</span> <span class='ocrx_word' id='word_1_277' title='bbox 500 3380 600 3420; x_wconf 81' lang='lat' dir='ltr'>mortuus</span> <span class='ocrx_word' id='word_1_278' title='bbox 609 3390 652 3422; x_wconf 81' lang='lat' dir='ltr'>esre</span> <span class='ocrx_word' id='word_1_279' title='bbox 663 3391 697 3422; x_wconf 82' lang='lat' dir='ltr'>ce·</span> <span class='ocrx_word' id='word_1_280' title='bbox 749 3394 810 3427; x_wconf 81' lang='lat' dir='ltr'>arus.</span> <span class='ocrx_word' id='word_1_281' title='bbox 842 3378 933 3427; x_wconf 83' lang='lat' dir='ltr'>Recte:</span> <span class='ocrx_word' id='word_1_282' title='bbox 960 3392 1016 3424; x_wconf 88' lang='lat' dir='ltr'>nam</span> <span class='ocrx_word' id='word_1_283' title='bbox 1043 3376 1184 3440; x_wconf 85' lang='lat' dir='ltr'>tempestiva</span> <span class='ocrx_word' id='word_1_284' title='bbox 1207 3375 1247 3424; x_wconf 80' lang='lat' dir='ltr'>liic</span> 
     </span>
    </p>

    <p class='ocr_par' dir='ltr' id='par_1_10' title="bbox 200 3447 1246 3590">
     <span class='ocr_line' id='line_1_32' title="bbox 262 3447 1246 3517; baseline -0.001 -17"><span class='ocrx_word' id='word_1_285' title='bbox 262 3447 311 3495; x_wconf 72' lang='lat' dir='ltr'>lim·</span> <span class='ocrx_word' id='word_1_286' title='bbox 749 3451 837 3501; x_wconf 89' lang='lat' dir='ltr'>mentio</span> <span class='ocrx_word' id='word_1_287' title='bbox 852 3453 1027 3517; x_wconf 87' lang='lat' dir='ltr'>complexuum,</span> <span class='ocrx_word' id='word_1_288' title='bbox 1039 3450 1063 3498; x_wconf 91' lang='lat' dir='ltr'>iu</span> <span class='ocrx_word' id='word_1_289' title='bbox 1079 3461 1127 3499; x_wconf 85' lang='lat' dir='ltr'>tarn</span> <span class='ocrx_word' id='word_1_290' title='bbox 1144 3452 1246 3499; x_wconf 78' lang='lat' dir='ltr'>infausto</span> 
     </span>
     <span class='ocr_line' id='line_1_33' title="bbox 200 3518 1245 3590; baseline -0.004 -16"><span class='ocrx_word' id='word_1_291' title='bbox 200 3518 256 3569; x_wconf 69' lang='lat' dir='ltr'>Vld·</span> <span class='ocrx_word' id='word_1_292' title='bbox 266 3520 345 3587; x_wconf 71' lang='lat' dir='ltr'>Epist·</span> <span class='ocrx_word' id='word_1_293' title='bbox 356 3518 407 3568; x_wconf 74' lang='lat' dir='ltr'>xiii·</span> <span class='ocrx_word' id='word_1_294' title='bbox 420 3522 461 3568; x_wconf 74' lang='lat'>72·</span> <span class='ocrx_word' id='word_1_295' title='bbox 480 3522 569 3569; x_wconf 68' lang='lat' dir='ltr'>Brun·</span> <span class='ocrx_word' id='word_1_296' title='bbox 748 3525 866 3590; x_wconf 87' lang='lat' dir='ltr'>conjugio,</span> <span class='ocrx_word' id='word_1_297' title='bbox 877 3537 903 3574; x_wconf 91' lang='lat' dir='ltr'>ut</span> <span class='ocrx_word' id='word_1_298' title='bbox 914 3535 997 3574; x_wconf 83' lang='lat' dir='ltr'>voveat</span> <span class='ocrx_word' id='word_1_299' title='bbox 1008 3543 1033 3573; x_wconf 87' lang='lat' dir='ltr'>se</span> <span class='ocrx_word' id='word_1_300' title='bbox 1049 3524 1074 3572; x_wconf 90' lang='lat' dir='ltr'>in</span> <span class='ocrx_word' id='word_1_301' title='bbox 1092 3524 1177 3572; x_wconf 87' lang='lat' dir='ltr'>mediis</span> <span class='ocrx_word' id='word_1_302' title='bbox 1194 3541 1245 3571; x_wconf 87' lang='lat' dir='ltr'>am-</span> 
     </span>
    </p>

    <p class='ocr_par' dir='ltr' id='par_1_11' title="bbox 233 3594 1248 3666">
     <span class='ocr_line' id='line_1_34' title="bbox 233 3594 1248 3666; baseline 0.002 -23"><span class='ocrx_word' id='word_1_303' title='bbox 233 3595 288 3645; x_wconf 76' lang='grc'><strong>118.</strong></span> <span class='ocrx_word' id='word_1_304' title='bbox 304 3594 403 3658; x_wconf 75' lang='lat' dir='ltr'>Jamque</span> <span class='ocrx_word' id='word_1_305' title='bbox 419 3595 521 3658; x_wconf 63' lang='lat' dir='ltr'>nocetis]</span> <span class='ocrx_word' id='word_1_306' title='bbox 548 3595 644 3659; x_wconf 78' lang='lat' dir='ltr'>Tumque</span> <span class='ocrx_word' id='word_1_307' title='bbox 663 3606 699 3666; x_wconf 76' lang='lat' dir='ltr'>est</span> <span class='ocrx_word' id='word_1_308' title='bbox 748 3599 1248 3664; x_wconf 79' lang='lat' dir='ltr'>plexibusluisseelisaminterSymplega-</span> 
     </span>
    </p>

    <p class='ocr_par' dir='ltr' id='par_1_12' title="bbox 198 3668 1249 4256">
     <span class='ocr_line' id='line_1_35' title="bbox 199 3668 906 3735; baseline 0.007 -19"><span class='ocrx_word' id='word_1_309' title='bbox 199 3668 343 3719; x_wconf 68' lang='lat' dir='ltr'>terraneos.</span> <span class='ocrx_word' id='word_1_310' title='bbox 356 3669 420 3735; x_wconf 90' lang='lat' dir='ltr'>quod</span> <span class='ocrx_word' id='word_1_311' title='bbox 430 3669 569 3733; x_wconf 77' lang='lat' dir='ltr'>elegantius,</span> <span class='ocrx_word' id='word_1_312' title='bbox 577 3671 633 3734; x_wconf 86' lang='lat' dir='ltr'>quia</span> <span class='ocrx_word' id='word_1_313' title='bbox 643 3687 698 3718; x_wconf 83' lang='lat' dir='ltr'>nus·</span> <span class='ocrx_word' id='word_1_314' title='bbox 748 3673 799 3721; x_wconf 81' lang='lat' dir='ltr'>das.</span> <span class='ocrx_word' id='word_1_315' title='bbox 816 3674 906 3721; x_wconf 74' lang='lat' dir='ltr'>Burru-</span> 
     </span>
     <span class='ocr_line' id='line_1_36' title="bbox 199 3742 1246 3809; baseline -0.002 -17"><span class='ocrx_word' id='word_1_316' title='bbox 199 3757 271 3807; x_wconf 61' lang='grc' dir='ltr'>(ιω</span> <span class='ocrx_word' id='word_1_317' title='bbox 290 3743 466 3809; x_wconf 73' lang='lat' dir='ltr'>praesentiorem</span> <span class='ocrx_word' id='word_1_318' title='bbox 487 3742 616 3791; x_wconf 84' lang='lat' dir='ltr'>vindictam</span> <span class='ocrx_word' id='word_1_319' title='bbox 636 3743 696 3791; x_wconf 86' lang='lat' dir='ltr'>divi·</span> <span class='ocrx_word' id='word_1_320' title='bbox 781 3747 837 3795; x_wconf 78' lang='lat' dir='ltr'>lte.</span> <span class='ocrx_word' id='word_1_321' title='bbox 855 3749 903 3794; x_wconf 79' lang='lat' dir='ltr'>Ant</span> <span class='ocrx_word' id='word_1_322' title='bbox 918 3764 956 3794; x_wconf 76' lang='lat' dir='ltr'>nor</span> <span class='ocrx_word' id='word_1_323' title='bbox 973 3747 1051 3808; x_wconf 76' lang='lat' dir='ltr'>Scylla</span> <span class='ocrx_word' id='word_1_324' title='bbox 1066 3746 1159 3807; x_wconf 56' lang='lat' dir='ltr'>rupae]</span> <span class='ocrx_word' id='word_1_325' title='bbox 1179 3745 1246 3807; x_wconf 83' lang='lat' dir='ltr'>Scyl-</span> 
     </span>
     <span class='ocr_line' id='line_1_37' title="bbox 199 3816 1245 3885; baseline -0.001 -19"><span class='ocrx_word' id='word_1_326' title='bbox 199 3816 394 3866; x_wconf 75' lang='lat' dir='ltr'>mnedebant</span> <span class='ocrx_word' id='word_1_327' title='bbox 405 3828 503 3874; x_wconf 86' lang='lat' dir='ltr'>veteres,</span> <span class='ocrx_word' id='word_1_328' title='bbox 514 3833 585 3881; x_wconf 84' lang='lat' dir='ltr'>quam</span> <span class='ocrx_word' id='word_1_329' title='bbox 597 3817 622 3864; x_wconf 90' lang='lat' dir='ltr'>iu</span> <span class='ocrx_word' id='word_1_330' title='bbox 638 3817 697 3864; x_wconf 87' lang='lat' dir='ltr'>mari</span> <span class='ocrx_word' id='word_1_331' title='bbox 747 3820 776 3867; x_wconf 81' lang='lat' dir='ltr'>lte</span> <span class='ocrx_word' id='word_1_332' title='bbox 798 3831 822 3870; x_wconf 86' lang='lat' dir='ltr'>et</span> <span class='ocrx_word' id='word_1_333' title='bbox 838 3820 1023 3885; x_wconf 81' lang='lat' dir='ltr'>Symplegodum</span> <span class='ocrx_word' id='word_1_334' title='bbox 1045 3821 1083 3866; x_wconf 80' lang='lat' dir='ltr'>liic</span> <span class='ocrx_word' id='word_1_335' title='bbox 1102 3817 1245 3866; x_wconf 87' lang='lat' dir='ltr'>mentionem</span> 
     </span>
     <span class='ocr_line' id='line_1_38' title="bbox 199 3889 1245 3960; baseline 0.003 -21"><span class='ocrx_word' id='word_1_336' title='bbox 199 3897 223 3939; x_wconf 77' lang='lat' dir='ltr'>et</span> <span class='ocrx_word' id='word_1_337' title='bbox 231 3906 305 3957; x_wconf 72' lang='lat' dir='ltr'>aqua,</span> <span class='ocrx_word' id='word_1_338' title='bbox 315 3891 336 3939; x_wconf 87' lang='lat' dir='ltr'>si</span> <span class='ocrx_word' id='word_1_339' title='bbox 347 3889 457 3940; x_wconf 77' lang='lat' dir='ltr'>scelerati</span> <span class='ocrx_word' id='word_1_340' title='bbox 473 3908 498 3940; x_wconf 91' lang='lat' dir='ltr'>se</span> <span class='ocrx_word' id='word_1_341' title='bbox 509 3891 556 3939; x_wconf 90' lang='lat' dir='ltr'>illis</span> <span class='ocrx_word' id='word_1_342' title='bbox 567 3892 697 3948; x_wconf 84' lang='lat' dir='ltr'>crederent,</span> <span class='ocrx_word' id='word_1_343' title='bbox 748 3894 813 3952; x_wconf 83' lang='lat' dir='ltr'>lacit,</span> <span class='ocrx_word' id='word_1_344' title='bbox 824 3895 862 3944; x_wconf 87' lang='lat' dir='ltr'>vel</span> <span class='ocrx_word' id='word_1_345' title='bbox 872 3895 929 3960; x_wconf 89' lang='lat' dir='ltr'>quia</span> <span class='ocrx_word' id='word_1_346' title='bbox 941 3899 981 3957; x_wconf 82' lang='lat' dir='ltr'>(ut</span> <span class='ocrx_word' id='word_1_347' title='bbox 992 3893 1101 3957; x_wconf 81' lang='lat' dir='ltr'>Orpbeus</span> <span class='ocrx_word' id='word_1_348' title='bbox 1111 3892 1171 3954; x_wconf 81' lang='lat' dir='ltr'>Arg.</span> <span class='ocrx_word' id='word_1_349' title='bbox 1183 3908 1245 3941; x_wconf 82' lang='lat' dir='ltr'>vers.</span> 
     </span>
     <span class='ocr_line' id='line_1_39' title="bbox 199 3963 1249 4031; baseline -0.001 -18"><span class='ocrx_word' id='word_1_350' title='bbox 199 3971 225 4013; x_wconf 77' lang='lat' dir='ltr'>nt</span> <span class='ocrx_word' id='word_1_351' title='bbox 243 3963 310 4014; x_wconf 78' lang='lat' dir='ltr'>tuille</span> <span class='ocrx_word' id='word_1_352' title='bbox 331 3963 460 4013; x_wconf 70' lang='lat' dir='ltr'>Poetarum</span> <span class='ocrx_word' id='word_1_353' title='bbox 481 3964 536 4013; x_wconf 85' lang='lat' dir='ltr'>loca</span> <span class='ocrx_word' id='word_1_354' title='bbox 555 3964 698 4025; x_wconf 78' lang='lat' dir='ltr'>ostendunt3</span> <span class='ocrx_word' id='word_1_355' title='bbox 751 3971 823 4019; x_wconf 77' lang='lat'>1246.</span> <span class='ocrx_word' id='word_1_356' title='bbox 850 3970 931 4025; x_wconf 73' lang='lat' dir='ltr'>uertit,</span> <span class='ocrx_word' id='word_1_357' title='bbox 952 3977 1048 4015; x_wconf 77' lang='lat' dir='ltr'>uotame</span> <span class='ocrx_word' id='word_1_358' title='bbox 1072 3967 1123 4031; x_wconf 83' lang='lat' dir='ltr'>jam</span> <span class='ocrx_word' id='word_1_359' title='bbox 1144 3964 1249 4026; x_wconf 74' lang='lat' dir='ltr'>Volsco)</span> 
     </span>
     <span class='ocr_line' id='line_1_40' title="bbox 198 4037 1248 4105; baseline -0.002 -16"><span class='ocrx_word' id='word_1_360' title='bbox 198 4052 251 4103; x_wconf 73' lang='lat' dir='ltr'>qun</span> <span class='ocrx_word' id='word_1_361' title='bbox 265 4037 453 4103; x_wconf 82' lang='lat' dir='ltr'>bicconstipare</span> <span class='ocrx_word' id='word_1_362' title='bbox 468 4038 526 4087; x_wconf 85' lang='lat' dir='ltr'>nibil</span> <span class='ocrx_word' id='word_1_363' title='bbox 542 4039 635 4087; x_wconf 83' lang='lat' dir='ltr'>attinet.</span> <span class='ocrx_word' id='word_1_364' title='bbox 648 4038 697 4087; x_wconf 87' lang='lat' dir='ltr'>vid.</span> <span class='ocrx_word' id='word_1_365' title='bbox 749 4042 813 4105; x_wconf 82' lang='lat' dir='ltr'>Argo</span> <span class='ocrx_word' id='word_1_366' title='bbox 834 4042 876 4091; x_wconf 85' lang='lat' dir='ltr'>illa</span> <span class='ocrx_word' id='word_1_367' title='bbox 896 4042 949 4089; x_wconf 86' lang='lat' dir='ltr'>loca</span> <span class='ocrx_word' id='word_1_368' title='bbox 969 4039 1109 4104; x_wconf 87' lang='lat' dir='ltr'>penetravit,</span> <span class='ocrx_word' id='word_1_369' title='bbox 1131 4037 1169 4085; x_wconf 87' lang='lat' dir='ltr'>vel</span> <span class='ocrx_word' id='word_1_370' title='bbox 1190 4037 1248 4102; x_wconf 85' lang='lat' dir='ltr'>quin</span> 
     </span>
     <span class='ocr_line' id='line_1_41' title="bbox 199 4110 1249 4179; baseline -0.006 -14"><span class='ocrx_word' id='word_1_371' title='bbox 199 4110 283 4165; x_wconf 79' lang='lat' dir='ltr'>ltoeu.</span> <span class='ocrx_word' id='word_1_372' title='bbox 293 4110 331 4163; x_wconf 84' lang='lat' dir='ltr'>iii.</span> <span class='ocrx_word' id='word_1_373' title='bbox 341 4111 391 4161; x_wconf 89' lang='lat' dir='ltr'>Od.</span> <span class='ocrx_word' id='word_1_374' title='bbox 402 4112 427 4162; x_wconf 89' lang='lat' dir='ltr'>ii.</span> <span class='ocrx_word' id='word_1_375' title='bbox 438 4115 479 4162; x_wconf 79' lang='lat'>28.</span> <span class='ocrx_word' id='word_1_376' title='bbox 492 4121 548 4161; x_wconf 85' lang='lat' dir='ltr'>uota</span> <span class='ocrx_word' id='word_1_377' title='bbox 558 4123 594 4161; x_wconf 90' lang='lat' dir='ltr'>est</span> <span class='ocrx_word' id='word_1_378' title='bbox 604 4131 698 4179; x_wconf 85' lang='lat' dir='ltr'>quoquc</span> <span class='ocrx_word' id='word_1_379' title='bbox 749 4115 851 4163; x_wconf 84' lang='lat' dir='ltr'>Ovidius</span> <span class='ocrx_word' id='word_1_380' title='bbox 861 4114 937 4169; x_wconf 79' lang='lat' dir='ltr'>tinuit,</span> <span class='ocrx_word' id='word_1_381' title='bbox 954 4112 1066 4160; x_wconf 76' lang='lat' dir='ltr'>Medeam</span> <span class='ocrx_word' id='word_1_382' title='bbox 1077 4119 1210 4168; x_wconf 82' lang='lat' dir='ltr'>voventem,</span> <span class='ocrx_word' id='word_1_383' title='bbox 1221 4119 1249 4160; x_wconf 75' lang='lat' dir='ltr'>itt</span> 
     </span>
     <span class='ocr_line' id='line_1_42' title="bbox 198 4184 1248 4256; baseline -0.001 -21"><span class='ocrx_word' id='word_1_384' title='bbox 198 4184 382 4251; x_wconf 62' lang='lat' dir='ltr'>ffuoeiaJoun</span> <span class='ocrx_word' id='word_1_385' title='bbox 394 4187 528 4256; x_wconf 74' lang='lat' dir='ltr'>Propheta.</span> <span class='ocrx_word' id='word_1_386' title='bbox 545 4189 634 4236; x_wconf 76' lang='lat' dir='ltr'>Burin.</span> <span class='ocrx_word' id='word_1_387' title='bbox 750 4188 803 4237; x_wconf 78' lang='lat' dir='ltr'>loca</span> <span class='ocrx_word' id='word_1_388' title='bbox 828 4187 870 4237; x_wconf 77' lang='lat' dir='ltr'>ills</span> <span class='ocrx_word' id='word_1_389' title='bbox 889 4187 1019 4242; x_wconf 81' lang='lat' dir='ltr'>transisset,</span> <span class='ocrx_word' id='word_1_390' title='bbox 1042 4200 1090 4250; x_wconf 84' lang='lat' dir='ltr'>quo</span> <span class='ocrx_word' id='word_1_391' title='bbox 1110 4185 1176 4234; x_wconf 77' lang='lat' dir='ltr'>luetis</span> <span class='ocrx_word' id='word_1_392' title='bbox 1201 4184 1248 4250; x_wconf 75' lang='lat' dir='ltr'>ipsi</span> 
     </span>
    </p>
   </div>
   <div class='ocr_carea' id='block_1_4' title="bbox 0 0 1457 4980">
    <p class='ocr_par' dir='ltr' id='par_1_13' title="bbox 0 0 1457 4980">
     <span class='ocr_line' id='line_1_43' title="bbox 0 0 1457 4980; baseline 0 0"><span class='ocrx_word' id='word_1_393' title='bbox 0 0 1457 4980; x_wconf 95' lang='lat' dir='ltr'> </span> 
     </span>
    </p>
   </div>
  </div>
 </body>
</html>
