2896 4980
220 298 251 356 vi
536 295 572 356 Ρ.
593 293 738 358 ovum
759 295 954 358 NASONIS

267 457 344 526 Fuit
368 481 412 526 ex
433 461 577 546 equestri
598 473 693 529 natue
715 461 845 542 familia,
868 408 1095 548 ipeoldioente
1116 461 1150 527 in
1171 462 1213 527 iv.
1237 461 1281 526 de

223 560 325 643 Trirt
343 560 440 648 Eleg.
457 583 500 626 r:

186 798 189 803 Δ
302 766 336 826 Si
349 767 421 846 quid
432 766 464 828 id
476 778 529 837 eat,
543 787 635 848 usque
648 788 665 826 a
678 765 793 847 proavia
805 778 890 828 vetur
903 767 1012 828 ordinis
1024 767 1119 837 heret,

339 861 373 921 N
373 882 411 923 on
420 862 505 941 modo
516 864 640 923 formnae
653 882 775 922 munera
788 863 883 923 faetus
895 882 994 942 aquea.

223 1075 271 1144 Et
284 1077 456 1144 Fastorum
469 1080 520 1144 vi:

301 1281 409 1343 Sancte
421 1293 506 1362 poter
518 1280 630 1361 patrio,
643 1281 699 1341 tibi
712 1280 804 1360 plebe,
819 1280 874 1341 tibi
887 1280 967 1341 ouria
979 1291 1086 1341 noman

342 1376 410 1454 Hoo
422 1375 523 1436 dedit:
544 1375 599 1436 hoo
612 1375 745 1436 dedimus
757 1395 809 1436 noe
821 1376 877 1436 tibi
890 1396 996 1439 nomen
1008 1396 1105 1455 aquen

266 1585 501 1652 Patrimonium
520 1587 597 1653 satia
615 1587 759 1674 amplum
777 1588 930 1653 habuisse
949 1592 1093 1667 oonetat3
1124 1587 1214 1674 quod
1235 1587 1278 1652 ab

224 1687 341 1754 eodem
354 1688 389 1752 in
403 1686 512 1753 Ponto
527 1689 572 1754 sio
587 1689 787 1755 ostenditur:

302 1905 374 1967 Non
386 1927 468 1970 meua
481 1908 598 1970 audeam
611 1907 724 1973 animur
737 1907 882 1968 desiderat
895 1928 977 1987 agros

343 2001 481 2082 Ruraque
495 2002 617 2082 Peligno
629 2001 828 2082 conspicienda
840 2001 917 2074 aolo;

302 2096 369 2157 Neo
380 2116 452 2175 quoe
465 2098 612 2176 pomiferis
625 2097 732 2177 poeitae
744 2093 777 2155 in
790 2095 912 2158 oollibue
924 2097 1023 2158 hortor

341 2191 462 2271 Spectat
476 2192 627 2254 Flaminia
641 2193 765 2253 Claudia
774 2193 879 2272 juncta
891 2193 956 2260 viu,

223 2403 306 2469 Item
330 2380 462 2470 domum
484 2428 550 2472 non
571 2405 668 2494 longe
690 2430 711 2473 a
736 2406 919 2494 Capitolio:
951 2409 997 2472 ait
1023 2405 1108 2471 enim
1133 2407 1175 2472 in'
1189 2408 1210 2471 i.
1235 2407 1277 2472 de

168 2534 172 2536 ·
222 2504 325 2572 Triat.
343 2506 439 2593 Eleg.
455 2507 506 2572 iii:

300 2703 388 2770 Hanc
401 2731 455 2790 ego
466 2711 636 2791 suspiciens,
650 2723 680 2772 et
694 2712 805 2772 adhaec
819 2710 963 2791 Capitolia
975 2730 1106 2784 cernane,

340 2805 415 2877 Qum
426 2817 523 2866 noatro
535 2807 643 2868 frustra
652 2808 757 2886 juncta
769 2808 852 2868 fuere
864 2807 927 2867 lari.

264 3017 412 3085 Fratrem
426 3032 587 3106 praeterea
600 3021 715 3087 habuit
735 3031 816 3087 natu
834 3022 989 3108 majorem
1003 3022 1175 3088 duodecim
1189 3043 1278 3086 men-

222 3120 330 3198 sibua3
354 3133 398 3200 et,
416 3123 506 3206 quod
524 3124 640 3188 mirum
659 3135 719 3202 est,
736 3123 862 3203 eodem,
883 3146 949 3209 quo
970 3124 1052 3208 ipae,
1073 3136 1184 3189 natum
1203 3125 1275 3188 die:

220 3232 362 3311 uterque
370 3222 455 3285 enim
465 3223 712 3307 quartodecimo
722 3223 863 3289 Kalend.
877 3224 1001 3310 Aprilis
1014 3224 1277 3309 Minervoe‘quin-

221 3325 354 3406 quatriis
363 3335 458 3387 natus
469 3335 535 3402 est3
559 3324 648 3408 quod
658 3325 782 3410 sioipae
792 3326 825 3389 in
834 3336 951 3410 quarto
963 3326 1005 3389 de
1017 3326 1118 3392 Triat.
1133 3326 1229 3411 Eleg.
1241 3348 1274 3390 x.

299 3572 365 3631 Neo
378 3572 465 3650 stirpe
478 3572 571 3651 prima
584 3572 646 3632 fui:
669 3573 768 3651 genito
781 3593 845 3633 eum
858 3575 949 3634 fratre
965 3585 1089 3645 oreatus,

339 3665 400 3737 Qui
414 3666 507 3726 tribua
519 3677 587 3726 ante
600 3678 704 3746 quater
716 3670 864 3730 mensibus
877 3680 957 3729 ortus
971 3681 1043 3728 erat.
1146 3681 1149 3686 '

298 3761 419 3821 Lucifer
432 3761 571 3822 ambobus
584 3762 730 3823 natalibus
743 3750 840 3823 aufuit
852 3763 948 3829 uem:

340 3856 408 3916 Uno
420 3855 565 3917 celebrata
578 3868 623 3918 eet
636 3878 689 3936 per
700 3856 758 3916 duo
770 3856 830 3916 liba
842 3857 913 3917 dies.

300 3950 374 4012 Haeo
387 3963 432 4012 aet
445 3953 588 4013 armifera
601 3952 638 4012 de
651 3953 734 4012 foetis
746 3951 875 4031 quinque
889 3952 1034 4011 Minerva

339 4047 414 4119 Qum
428 4047 491 4108 fieri
503 4048 710 4129 pugna‘prima
721 4058 844 4109 eruenta
855 4047 939 4109 uolet.
