2896 4980
644 334 759 399 vtro

253 499 403 579 Nomos·
414 499 606 580 hisponum,
618 500 790 562 uouduloes
801 501 906 562 educet
917 522 1006 564 uvas:

290 594 359 655 Non
372 595 473 656 codices
485 597 559 675 ript,
572 597 671 657 roim
682 606 782 657 monto
794 596 898 657 virent

253 687 336 749 Neve
349 690 458 750 fretum
471 689 571 750 laudes
584 701 661 750 terro
674 690 774 768 magis,
788 710 900 768 mquoro
913 711 1026 771 semper

291 783 454 845 Ventorum
468 785 547 845 rubis
559 783 665 845 solibus
678 784 745 843 orbo
758 794 884 843 tument.

254 877 433 958 Quocunque
443 880 592 959 adspicias,
606 880 700 959 campi
713 867 823 938 cultore
835 890 968 939 carentes

292 972 450 1052 Vastaque,
464 994 528 1052 quc
541 991 625 1033 nemo
639 972 774 1042 vindicet,
787 992 856 1032 sm
863 973 972 1050 jacent.

254 1065 355 1126 Hostis
367 1067 449 1127 adest
463 1067 566 1127 dextro
577 1065 707 1145 imque
720 1075 833 1145 oporte
845 1065 1003 1133 timendus,

291 1160 453 1239 vicinoque
466 1171 548 1221 metu
560 1171 652 1220 terret
664 1169 822 1239 utrumque
836 1158 922 1219 lotus.

252 1251 933 1332 AlteroBistouiaspursestsensurssegittss5

219 1344 223 1353 “
290 1347 395 1409 Altera
410 1347 570 1408 Sarmatico
582 1345 693 1426 spiculo
706 1344 793 1406 misse
806 1366 904 1406 manu.

176 1515 357 1581 §montem
371 1514 475 1581 exsilii
489 1515 571 1581 dues
591 1514 689 1581 fluisse
711 1515 757 1579 uit
777 1535 911 1580 corum:
934 1535 1071 1600 quorum
1092 1513 1227 1583 alterum

175 1617 296 1787 dfflm
315 1617 448 1696 fatetur,
468 1615 604 1684 alteram
630 1638 762 1703 semper
783 1616 966 1702 supprimit.
988 1617 1070 1695 ,Ait
1090 1621 1176 1686 enim
1192 1621 1225 1686 ii.

254 1921 1090 1995 Perdiderintcummeduocrimimcrmcn,eterror;

293 2016 428 2078 Alterius
440 2017 512 2077 fecti
525 2015 611 2096 culpo
622 2015 734 2076 silendo
746 2016 820 2075 mihi
832 2027 888 2076 est.

57 2234 68 2258 ‘
194 2200 374 2315 'Persaepe
395 2230 495 2316 igitur
513 2240 547 2293 et
565 2227 665 2294 libros
685 2229 728 2293 de
743 2226 826 2294 Arte
845 2227 989 2294 Amoudi
1010 2232 1229 2317 composuisse

177 2329 277 2410 dolet,
292 2333 381 2417 quod
400 2343 577 2418 propterea
595 2331 748 2417 Augusto
766 2332 842 2397 odio
863 2354 934 2398 esse
955 2336 1103 2419 coeperit,
1121 2333 1234 2400 etali-

177 2436 256 2518 quid
271 2436 388 2501 vidisse
405 2458 466 2521 per
485 2457 639 2512 errorem,
653 2445 691 2499 ut
710 2436 753 2501 ob
773 2435 807 2500 id
826 2434 861 2498 in
881 2435 1047 2519 Scythiam
1066 2436 1231 2522 relegatus

179 2536 286 2616 iirerit,
301 2538 428 2604 offenso
442 2540 592 2604 Caesore:
615 2538 660 2602 nit
674 2538 807 2603 enimin
820 2538 853 2601 ii.
870 2538 913 2603 de
928 2537 1047 2615 Ponto,
1063 2537 1159 2623 Eleg.
1177 2540 1210 2603 ix
1220 2563 1233 2604 z·

255 2758 339 2818 Neve
352 2778 434 2836 roges
446 2778 511 2836 quoe
523 2758 580 2818 sit:
602 2757 723 2817 stultam
736 2779 823 2837 quam
838 2758 1004 2837 scripsimus
1017 2769 1120 2829 onem,

296 2852 438 2911 Innocuos
451 2852 533 2911 nobis
546 2852 608 2910 hoec
620 2862 701 2910 vetet
714 2872 776 2911 esse
790 2872 901 2911 manus.

258 2946 374 3025 Ecquid
387 2957 527 3025 preterea
539 2945 692 3024 peccarim,
706 2966 835 3024 querere
846 2946 923 3005 noli:

298 3041 341 3100 Ut
354 3051 454 3121 pateat
467 3040 527 3100 sols
540 3039 626 3119 culpo
638 3041 693 3100 sub
707 3052 769 3101 erte
783 3062 856 3101 meu

182 3253 232 3350 Et
241 3256 273 3318 iu
289 3255 384 3319 tertio
399 3255 440 3318 ad
456 3253 623 3330 Amorem,
641 3253 736 3340 Eleg.
754 3256 803 3320 iii:

257 3476 322 3536 Nec
335 3478 405 3537 setis
417 3478 471 3536 hoc
483 3478 591 3545 fueret,
605 3475 716 3536 stultus
729 3494 843 3554 quoque
856 3474 983 3534 carmina
995 3473 1060 3533 feci.

296 3571 421 3631 Artibus
433 3582 468 3631 ut
481 3590 578 3650 posses
591 3589 649 3629 non
662 3569 743 3628 rudis
756 3588 818 3628 esse
831 3568 912 3627 meis

258 3664 316 3725 Pro
328 3666 433 3744 quibus
446 3664 580 3726 exsilium
593 3664 700 3724 misero
711 3665 784 3724 mihi
796 3663 910 3723 reddite
923 3682 1043 3731 merces,

298 3759 334 3818 Id
347 3780 460 3840 quoque
474 3760 505 3819 in
519 3757 657 3818 extremis
671 3767 701 3820 et
715 3759 778 3819 sine
790 3778 862 3836 pace
875 3756 953 3816 iocis.

180 3970 219 4033 ln
240 3968 355 4034 eodem
372 3972 417 4034 sic
440 3970 596 4036 Amorem
612 3971 673 4034 sibi
688 3972 939 4056 respondentem
954 3965 1078 4029 inducit
1098 3965 1131 4028 in
1152 3981 1234 4031 som·

181 4095 229 4133 nls
240 4097 245 4132 :
