<?xml version="1.0" encoding="UTF-8"?>
<!DOCTYPE html PUBLIC "-//W3C//DTD XHTML 1.0 Transitional//EN"
    "http://www.w3.org/TR/xhtml1/DTD/xhtml1-transitional.dtd">
<html xmlns="http://www.w3.org/1999/xhtml" xml:lang="en" lang="en">
 <head>
  <title>
</title>
<meta http-equiv="Content-Type" content="text/html;charset=utf-8" />
  <meta name='ocr-system' content='tesseract 3.04.00' />
  <meta name='ocr-capabilities' content='ocr_page ocr_carea ocr_par ocr_line ocrx_word'/>
</head>
<body>
  <div class='ocr_page' id='page_1' title='image "./povidiinasoniso01burmgoog_0274.png"; bbox 0 0 2896 4980; ppageno 0'>
   <div class='ocr_carea' id='block_1_1' title="bbox 199 334 953 407">
    <p class='ocr_par' dir='ltr' id='par_1_1' title="bbox 199 334 953 407">
     <span class='ocr_line' id='line_1_1' title="bbox 199 334 953 407; baseline -0.007 0"><span class='ocrx_word' id='word_1_1' title='bbox 199 336 266 407; x_wconf 74' lang='lat'><strong>266</strong></span> <span class='ocrx_word' id='word_1_2' title='bbox 489 337 529 404; x_wconf 84' lang='lat' dir='ltr'><strong>P.</strong></span> <span class='ocrx_word' id='word_1_3' title='bbox 552 334 716 404; x_wconf 88' lang='lat' dir='ltr'>OVIDII</span> <span class='ocrx_word' id='word_1_4' title='bbox 739 334 953 403; x_wconf 81' lang='lat' dir='ltr'><strong>NASONIS</strong></span> 
     </span>
    </p>
   </div>
   <div class='ocr_carea' id='block_1_2' title="bbox 196 510 1236 2470">
    <p class='ocr_par' dir='ltr' id='par_1_2' title="bbox 202 510 1235 725">
     <span class='ocr_line' id='line_1_2' title="bbox 202 510 1233 610; baseline -0.002 -22"><span class='ocrx_word' id='word_1_5' title='bbox 202 513 331 610; x_wconf 84' lang='lat' dir='ltr'><strong>Atque</strong></span> <span class='ocrx_word' id='word_1_6' title='bbox 343 512 396 586; x_wconf 86' lang='lat' dir='ltr'><strong>ita</strong></span> <span class='ocrx_word' id='word_1_7' title='bbox 406 511 568 610; x_wconf 87' lang='lat' dir='ltr'><strong>quisque</strong></span> <span class='ocrx_word' id='word_1_8' title='bbox 584 535 672 586; x_wconf 89' lang='lat' dir='ltr'><strong>suas</strong></span> <span class='ocrx_word' id='word_1_9' title='bbox 690 512 825 585; x_wconf 91' lang='lat' dir='ltr'><strong>iterum</strong></span> <span class='ocrx_word' id='word_1_10' title='bbox 839 510 1038 585; x_wconf 86' lang='lat' dir='ltr'><strong>redeamus</strong></span> <span class='ocrx_word' id='word_1_11' title='bbox 1055 510 1104 587; x_wconf 88' lang='lat' dir='ltr'><strong>ad</strong></span> <span class='ocrx_word' id='word_1_12' title='bbox 1120 512 1233 586; x_wconf 81' lang='lat' dir='ltr'><strong>urbes.</strong></span> 
     </span>
     <span class='ocr_line' id='line_1_3' title="bbox 252 626 1235 725; baseline -0.001 -24"><span class='ocrx_word' id='word_1_13' title='bbox 252 627 455 724; x_wconf 83' lang='lat' dir='ltr'><strong>Exiguum,</strong></span> <span class='ocrx_word' id='word_1_14' title='bbox 474 628 541 701; x_wconf 89' lang='lat' dir='ltr'><strong>sed</strong></span> <span class='ocrx_word' id='word_1_15' title='bbox 559 627 657 725; x_wconf 91' lang='lat' dir='ltr'><strong>plus,</strong></span> <span class='ocrx_word' id='word_1_16' title='bbox 676 650 790 725; x_wconf 87' lang='lat' dir='ltr'><strong>quam</strong></span> <span class='ocrx_word' id='word_1_17' title='bbox 809 626 913 712; x_wconf 87' lang='lat' dir='ltr'><strong>nihil,</strong></span> <span class='ocrx_word' id='word_1_18' title='bbox 932 627 1026 700; x_wconf 90' lang='lat' dir='ltr'><strong>illud</strong></span> <span class='ocrx_word' id='word_1_19' title='bbox 1044 628 1127 701; x_wconf 86' lang='lat' dir='ltr'><strong>erit.</strong></span> <span class='ocrx_word' id='word_1_20' title='bbox 1175 631 1235 700; x_wconf 89' lang='grc'><strong>170</strong></span> 
     </span>
    </p>

    <p class='ocr_par' dir='ltr' id='par_1_3' title="bbox 201 742 1217 934">
     <span class='ocr_line' id='line_1_4' title="bbox 201 742 1217 843; baseline 0.002 -28"><span class='ocrx_word' id='word_1_21' title='bbox 201 742 273 819; x_wconf 87' lang='lat' dir='ltr'><strong>Vel</strong></span> <span class='ocrx_word' id='word_1_22' title='bbox 290 744 410 843; x_wconf 91' lang='lat' dir='ltr'><strong>pudor</strong></span> <span class='ocrx_word' id='word_1_23' title='bbox 427 744 488 817; x_wconf 88' lang='lat' dir='ltr'><strong>hie</strong></span> <span class='ocrx_word' id='word_1_24' title='bbox 504 743 659 829; x_wconf 88' lang='lat' dir='ltr'><strong>utinam,</strong></span> <span class='ocrx_word' id='word_1_25' title='bbox 680 744 744 839; x_wconf 95' lang='lat' dir='ltr'><strong>qui</strong></span> <span class='ocrx_word' id='word_1_26' title='bbox 764 767 832 816; x_wconf 90' lang='lat' dir='ltr'><strong>nos</strong></span> <span class='ocrx_word' id='word_1_27' title='bbox 850 743 948 815; x_wconf 88' lang='lat' dir='ltr'><strong>clam</strong></span> <span class='ocrx_word' id='word_1_28' title='bbox 966 743 1069 839; x_wconf 83' lang='lat' dir='ltr'>cogit</span> <span class='ocrx_word' id='word_1_29' title='bbox 1086 764 1217 831; x_wconf 82' lang='lat' dir='ltr'><strong>amare,</strong></span> 
     </span>
     <span class='ocr_line' id='line_1_5' title="bbox 250 858 1044 934; baseline -0.001 -2"><span class='ocrx_word' id='word_1_30' title='bbox 250 859 322 934; x_wconf 87' lang='lat' dir='ltr'><strong>Vel</strong></span> <span class='ocrx_word' id='word_1_31' title='bbox 339 860 493 934; x_wconf 89' lang='lat' dir='ltr'><strong>timidus</strong></span> <span class='ocrx_word' id='word_1_32' title='bbox 511 859 620 932; x_wconf 86' lang='lat' dir='ltr'><strong>samue</strong></span> <span class='ocrx_word' id='word_1_33' title='bbox 638 859 772 931; x_wconf 86' lang='lat' dir='ltr'>cedere</span> <span class='ocrx_word' id='word_1_34' title='bbox 789 858 904 930; x_wconf 88' lang='lat' dir='ltr'><strong>vellet</strong></span> <span class='ocrx_word' id='word_1_35' title='bbox 920 859 1044 931; x_wconf 88' lang='lat' dir='ltr'><strong>amor!</strong></span> 
     </span>
    </p>

    <p class='ocr_par' dir='ltr' id='par_1_4' title="bbox 201 974 1235 1191">
     <span class='ocr_line' id='line_1_6' title="bbox 201 974 1235 1074; baseline -0.004 -23"><span class='ocrx_word' id='word_1_36' title='bbox 201 975 238 1050; x_wconf 93' lang='lat' dir='ltr'>N</span> <span class='ocrx_word' id='word_1_37' title='bbox 241 1001 313 1051; x_wconf 90' lang='lat' dir='ltr'><strong>une</strong></span> <span class='ocrx_word' id='word_1_38' title='bbox 323 976 423 1049; x_wconf 90' lang='lat' dir='ltr'><strong>male</strong></span> <span class='ocrx_word' id='word_1_39' title='bbox 437 999 496 1048; x_wconf 89' lang='lat' dir='ltr'><strong>res</strong></span> <span class='ocrx_word' id='word_1_40' title='bbox 506 976 660 1072; x_wconf 83' lang='lat' dir='ltr'><strong>junctae,</strong></span> <span class='ocrx_word' id='word_1_41' title='bbox 672 974 774 1047; x_wconf 89' lang='lat' dir='ltr'><strong>calor</strong></span> <span class='ocrx_word' id='word_1_42' title='bbox 783 985 822 1046; x_wconf 88' lang='lat' dir='ltr'><strong>et</strong></span> <span class='ocrx_word' id='word_1_43' title='bbox 833 974 1051 1062; x_wconf 88' lang='lat' dir='ltr'><strong>reverentia,</strong></span> <span class='ocrx_word' id='word_1_44' title='bbox 1063 984 1235 1074; x_wconf 82' lang='lat' dir='ltr'><strong>pugnant.</strong></span> 
     </span>
     <span class='ocr_line' id='line_1_7' title="bbox 250 1090 1235 1191; baseline -0.002 -26"><span class='ocrx_word' id='word_1_45' title='bbox 250 1093 352 1179; x_wconf 86' lang='lat' dir='ltr'><strong>Quid</strong></span> <span class='ocrx_word' id='word_1_46' title='bbox 370 1116 507 1191; x_wconf 88' lang='lat' dir='ltr'><strong>sequar</strong></span> <span class='ocrx_word' id='word_1_47' title='bbox 521 1090 686 1165; x_wconf 92' lang='lat' dir='ltr'><strong>indubio</strong></span> <span class='ocrx_word' id='word_1_48' title='bbox 701 1100 771 1164; x_wconf 89' lang='lat' dir='ltr'><strong>est.</strong></span> <span class='ocrx_word' id='word_1_49' title='bbox 800 1091 880 1163; x_wconf 82' lang='lat' dir='ltr'><strong>haee</strong></span> <span class='ocrx_word' id='word_1_50' title='bbox 894 1091 1027 1181; x_wconf 84' lang='lat' dir='ltr'><strong>decet3</strong></span> <span class='ocrx_word' id='word_1_51' title='bbox 1048 1092 1113 1166; x_wconf 90' lang='lat' dir='ltr'><strong>ille</strong></span> <span class='ocrx_word' id='word_1_52' title='bbox 1126 1093 1235 1189; x_wconf 86' lang='lat' dir='ltr'><strong>juvat.</strong></span> 
     </span>
    </p>

    <p class='ocr_par' dir='ltr' id='par_1_5' title="bbox 201 1205 1236 1425">
     <span class='ocr_line' id='line_1_8' title="bbox 201 1205 1236 1302; baseline -0.002 -20"><span class='ocrx_word' id='word_1_53' title='bbox 201 1209 257 1284; x_wconf 91' lang='lat' dir='ltr'><strong>Ut</strong></span> <span class='ocrx_word' id='word_1_54' title='bbox 272 1209 389 1284; x_wconf 86' lang='lat' dir='ltr'><strong>semel</strong></span> <span class='ocrx_word' id='word_1_55' title='bbox 406 1208 556 1282; x_wconf 88' lang='lat' dir='ltr'><strong>intravit</strong></span> <span class='ocrx_word' id='word_1_56' title='bbox 574 1207 738 1280; x_wconf 87' lang='lat' dir='ltr'><strong>Colchos</strong></span> <span class='ocrx_word' id='word_1_57' title='bbox 758 1205 962 1302; x_wconf 86' lang='lat' dir='ltr'><strong>Pagusaeus</strong></span> <span class='ocrx_word' id='word_1_58' title='bbox 981 1205 1116 1297; x_wconf 78' lang='lat' dir='ltr'><strong>Iiison3</strong></span> <span class='ocrx_word' id='word_1_59' title='bbox 1175 1210 1236 1281; x_wconf 88' lang='grc'><strong>175</strong></span> 
     </span>
     <span class='ocr_line' id='line_1_9' title="bbox 250 1322 1050 1425; baseline -0.005 -26"><span class='ocrx_word' id='word_1_60' title='bbox 250 1325 472 1425; x_wconf 70' lang='lat' dir='ltr'><strong>Impositum</strong></span> <span class='ocrx_word' id='word_1_61' title='bbox 490 1323 601 1397; x_wconf 86' lang='lat' dir='ltr'><strong>celeri</strong></span> <span class='ocrx_word' id='word_1_62' title='bbox 620 1322 788 1396; x_wconf 83' lang='lat' dir='ltr'>Phasida</span> <span class='ocrx_word' id='word_1_63' title='bbox 805 1345 934 1420; x_wconf 90' lang='lat' dir='ltr'>puppe</span> <span class='ocrx_word' id='word_1_64' title='bbox 951 1323 1050 1395; x_wconf 90' lang='lat' dir='ltr'><strong>tulit.</strong></span> 
     </span>
    </p>

    <p class='ocr_par' dir='ltr' id='par_1_6' title="bbox 200 1439 1128 1657">
     <span class='ocr_line' id='line_1_10' title="bbox 200 1439 1128 1531; baseline -0.002 -14"><span class='ocrx_word' id='word_1_65' title='bbox 200 1440 256 1516; x_wconf 90' lang='lat' dir='ltr'><strong>Ut</strong></span> <span class='ocrx_word' id='word_1_66' title='bbox 271 1442 388 1517; x_wconf 91' lang='lat' dir='ltr'><strong>semel</strong></span> <span class='ocrx_word' id='word_1_67' title='bbox 407 1441 533 1515; x_wconf 80' lang='lat' dir='ltr'><strong>Idaeus</strong></span> <span class='ocrx_word' id='word_1_68' title='bbox 552 1439 825 1516; x_wconf 83' lang='lat' dir='ltr'><strong>Lacedaemona</strong></span> <span class='ocrx_word' id='word_1_69' title='bbox 840 1442 943 1515; x_wconf 89' lang='lat' dir='ltr'><strong>venit</strong></span> <span class='ocrx_word' id='word_1_70' title='bbox 960 1442 1128 1531; x_wconf 84' lang='lat' dir='ltr'><strong>adulter3</strong></span> 
     </span>
     <span class='ocr_line' id='line_1_11' title="bbox 248 1556 991 1657; baseline 0.001 -26"><span class='ocrx_word' id='word_1_71' title='bbox 248 1557 348 1632; x_wconf 85' lang='lat' dir='ltr'><strong>Cum</strong></span> <span class='ocrx_word' id='word_1_72' title='bbox 365 1558 493 1657; x_wconf 70' lang='lat' dir='ltr'><strong>praedi</strong></span> <span class='ocrx_word' id='word_1_73' title='bbox 510 1557 621 1631; x_wconf 89' lang='lat' dir='ltr'><strong>rediit</strong></span> <span class='ocrx_word' id='word_1_74' title='bbox 637 1557 807 1656; x_wconf 90' lang='lat' dir='ltr'><strong>protinus</strong></span> <span class='ocrx_word' id='word_1_75' title='bbox 825 1556 889 1631; x_wconf 89' lang='lat' dir='ltr'><strong>ille</strong></span> <span class='ocrx_word' id='word_1_76' title='bbox 907 1560 991 1632; x_wconf 66' lang='lat' dir='ltr'><strong>sud.</strong></span> 
     </span>
    </p>

    <p class='ocr_par' dir='ltr' id='par_1_7' title="bbox 197 1671 1236 1888">
     <span class='ocr_line' id='line_1_12' title="bbox 197 1671 1236 1773; baseline 0.001 -27"><span class='ocrx_word' id='word_1_77' title='bbox 197 1671 268 1759; x_wconf 85' lang='lat' dir='ltr'><strong>Tu,</strong></span> <span class='ocrx_word' id='word_1_78' title='bbox 288 1697 401 1770; x_wconf 87' lang='lat' dir='ltr'><strong>quam</strong></span> <span class='ocrx_word' id='word_1_79' title='bbox 420 1697 523 1772; x_wconf 81' lang='lat' dir='ltr'><strong>saepe</strong></span> <span class='ocrx_word' id='word_1_80' title='bbox 540 1673 638 1771; x_wconf 88' lang='lat' dir='ltr'><strong>petis</strong></span> <span class='ocrx_word' id='word_1_81' title='bbox 657 1674 758 1770; x_wconf 92' lang='lat' dir='ltr'><strong>quod</strong></span> <span class='ocrx_word' id='word_1_82' title='bbox 777 1697 894 1761; x_wconf 77' lang='lat' dir='ltr'><strong>amaS,</strong></span> <span class='ocrx_word' id='word_1_83' title='bbox 913 1685 991 1748; x_wconf 87' lang='lat' dir='ltr'><strong>tam</strong></span> <span class='ocrx_word' id='word_1_84' title='bbox 1014 1698 1117 1773; x_wconf 86' lang='lat' dir='ltr'><strong>saepe</strong></span> <span class='ocrx_word' id='word_1_85' title='bbox 1134 1674 1236 1748; x_wconf 89' lang='lat' dir='ltr'><strong>relin-</strong></span> 
     </span>
     <span class='ocr_line' id='line_1_13' title="bbox 249 1788 1235 1888; baseline 0.001 -26"><span class='ocrx_word' id='word_1_86' title='bbox 249 1788 300 1863; x_wconf 91' lang='lat' dir='ltr'><strong>Et</strong></span> <span class='ocrx_word' id='word_1_87' title='bbox 318 1790 465 1886; x_wconf 89' lang='lat' dir='ltr'><strong>quoties</strong></span> <span class='ocrx_word' id='word_1_88' title='bbox 483 1814 595 1887; x_wconf 86' lang='lat' dir='ltr'><strong>grave</strong></span> <span class='ocrx_word' id='word_1_89' title='bbox 614 1789 656 1863; x_wconf 91' lang='lat' dir='ltr'><strong>fit</strong></span> <span class='ocrx_word' id='word_1_90' title='bbox 672 1789 865 1888; x_wconf 90' lang='lat' dir='ltr'><strong>puppibus</strong></span> <span class='ocrx_word' id='word_1_91' title='bbox 885 1790 951 1878; x_wconf 86' lang='lat' dir='ltr'>ire,</span> <span class='ocrx_word' id='word_1_92' title='bbox 970 1800 1089 1864; x_wconf 84' lang='lat' dir='ltr'><strong>natas.</strong></span> <span class='ocrx_word' id='word_1_93' title='bbox 1118 1790 1235 1888; x_wconf 81' lang='lat' dir='ltr'><strong>[quiet</strong></span> 
     </span>
    </p>

    <p class='ocr_par' dir='ltr' id='par_1_8' title="bbox 200 1903 1236 2123">
     <span class='ocr_line' id='line_1_14' title="bbox 200 1903 1236 2004; baseline 0.003 -28"><span class='ocrx_word' id='word_1_94' title='bbox 200 1903 264 1978; x_wconf 88' lang='lat' dir='ltr'><strong>Sic</strong></span> <span class='ocrx_word' id='word_1_95' title='bbox 281 1914 420 1991; x_wconf 90' lang='lat' dir='ltr'><strong>tamen,</strong></span> <span class='ocrx_word' id='word_1_96' title='bbox 443 1906 640 2003; x_wconf 74' lang='lat' dir='ltr'><strong>djuveniS,</strong></span> <span class='ocrx_word' id='word_1_97' title='bbox 660 1906 888 1979; x_wconf 87' lang='lat' dir='ltr'><strong>tumidarum</strong></span> <span class='ocrx_word' id='word_1_98' title='bbox 906 1908 1024 1981; x_wconf 90' lang='lat' dir='ltr'><strong>victor</strong></span> <span class='ocrx_word' id='word_1_99' title='bbox 1047 1930 1236 2004; x_wconf 84' lang='lat' dir='ltr'><strong>uquarum,</strong></span> 
     </span>
     <span class='ocr_line' id='line_1_15' title="bbox 250 2019 1236 2123; baseline 0.004 -31"><span class='ocrx_word' id='word_1_100' title='bbox 250 2019 313 2093; x_wconf 82' lang='lat' dir='ltr'><strong>sie</strong></span> <span class='ocrx_word' id='word_1_101' title='bbox 331 2020 444 2093; x_wconf 84' lang='lat' dir='ltr'><strong>facito</strong></span> <span class='ocrx_word' id='word_1_102' title='bbox 462 2046 628 2121; x_wconf 87' lang='lat' dir='ltr'><strong>spernas,</strong></span> <span class='ocrx_word' id='word_1_103' title='bbox 649 2034 691 2123; x_wconf 83' lang='lat' dir='ltr'><strong>ut</strong></span> <span class='ocrx_word' id='word_1_104' title='bbox 707 2047 871 2109; x_wconf 86' lang='lat' dir='ltr'>vereare,</span> <span class='ocrx_word' id='word_1_105' title='bbox 890 2023 1038 2097; x_wconf 89' lang='lat' dir='ltr'><strong>fretum.</strong></span> <span class='ocrx_word' id='word_1_106' title='bbox 1174 2026 1236 2096; x_wconf 72' lang='lat' dir='ltr'><strong>lut</strong></span> 
     </span>
    </p>

    <p class='ocr_par' dir='ltr' id='par_1_9' title="bbox 196 2134 1234 2356">
     <span class='ocr_line' id='line_1_16' title="bbox 196 2134 1234 2239; baseline 0.005 -30"><span class='ocrx_word' id='word_1_107' title='bbox 196 2134 289 2210; x_wconf 88' lang='lat' dir='ltr'><strong>Arte</strong></span> <span class='ocrx_word' id='word_1_108' title='bbox 306 2136 483 2211; x_wconf 84' lang='lat' dir='ltr'><strong>laboratae</strong></span> <span class='ocrx_word' id='word_1_109' title='bbox 500 2139 698 2212; x_wconf 89' lang='lat' dir='ltr'><strong>vincuntur</strong></span> <span class='ocrx_word' id='word_1_110' title='bbox 717 2141 764 2213; x_wconf 88' lang='lat' dir='ltr'><strong>ab</strong></span> <span class='ocrx_word' id='word_1_111' title='bbox 782 2164 933 2238; x_wconf 67' lang='lat' dir='ltr'><strong>aequore</strong></span> <span class='ocrx_word' id='word_1_112' title='bbox 951 2163 1121 2239; x_wconf 85' lang='lat' dir='ltr'>puppes:</span> <span class='ocrx_word' id='word_1_113' title='bbox 1228 2192 1234 2201; x_wconf 87' lang='lat'><strong>·</strong></span> 
     </span>
     <span class='ocr_line' id='line_1_17' title="bbox 247 2253 1077 2356; baseline 0.001 -30"><span class='ocrx_word' id='word_1_114' title='bbox 247 2253 305 2327; x_wconf 90' lang='lat' dir='ltr'><strong>Tu</strong></span> <span class='ocrx_word' id='word_1_115' title='bbox 322 2265 388 2328; x_wconf 85' lang='lat' dir='ltr'><strong>tua</strong></span> <span class='ocrx_word' id='word_1_116' title='bbox 404 2255 489 2352; x_wconf 88' lang='lat' dir='ltr'><strong>plus</strong></span> <span class='ocrx_word' id='word_1_117' title='bbox 508 2256 620 2329; x_wconf 91' lang='lat' dir='ltr'><strong>remis</strong></span> <span class='ocrx_word' id='word_1_118' title='bbox 639 2258 793 2331; x_wconf 84' lang='lat' dir='ltr'><strong>brachia</strong></span> <span class='ocrx_word' id='word_1_119' title='bbox 810 2281 922 2356; x_wconf 87' lang='lat' dir='ltr'><strong>posse</strong></span> <span class='ocrx_word' id='word_1_120' title='bbox 940 2255 1077 2355; x_wconf 74' lang='lat' dir='ltr'><strong>putes?</strong></span> 
     </span>
    </p>

    <p class='ocr_par' dir='ltr' id='par_1_10' title="bbox 197 2368 1234 2470">
     <span class='ocr_line' id='line_1_18' title="bbox 197 2368 1234 2470; baseline -0.003 -25"><span class='ocrx_word' id='word_1_121' title='bbox 197 2368 308 2456; x_wconf 87' lang='lat' dir='ltr'><strong>Quod</strong></span> <span class='ocrx_word' id='word_1_122' title='bbox 327 2372 448 2470; x_wconf 90' lang='lat' dir='ltr'><strong>cupis,</strong></span> <span class='ocrx_word' id='word_1_123' title='bbox 467 2372 537 2446; x_wconf 92' lang='lat' dir='ltr'><strong>hoc</strong></span> <span class='ocrx_word' id='word_1_124' title='bbox 556 2385 679 2449; x_wconf 87' lang='lat' dir='ltr'><strong>nautae</strong></span> <span class='ocrx_word' id='word_1_125' title='bbox 697 2384 882 2460; x_wconf 89' lang='lat' dir='ltr'><strong>metuunt,</strong></span> <span class='ocrx_word' id='word_1_126' title='bbox 899 2372 1081 2458; x_wconf 79' lang='lat' dir='ltr'><strong>Leandis,</strong></span> <span class='ocrx_word' id='word_1_127' title='bbox 1101 2380 1234 2446; x_wconf 84' lang='lat' dir='ltr'><strong>natare.</strong></span> 
     </span>
    </p>
   </div>
   <div class='ocr_carea' id='block_1_3' title="bbox 197 2487 1235 2821">
    <p class='ocr_par' dir='ltr' id='par_1_11' title="bbox 197 2487 1235 2821">
     <span class='ocr_line' id='line_1_19' title="bbox 247 2487 1235 2590; baseline -0.001 -29"><span class='ocrx_word' id='word_1_128' title='bbox 247 2487 383 2562; x_wconf 85' lang='lat' dir='ltr'><strong>Exitus</strong></span> <span class='ocrx_word' id='word_1_129' title='bbox 400 2489 461 2562; x_wconf 88' lang='lat' dir='ltr'><strong>hic</strong></span> <span class='ocrx_word' id='word_1_130' title='bbox 480 2490 608 2565; x_wconf 86' lang='lat' dir='ltr'><strong>fractis</strong></span> <span class='ocrx_word' id='word_1_131' title='bbox 626 2492 818 2590; x_wconf 93' lang='lat' dir='ltr'><strong>puppibus</strong></span> <span class='ocrx_word' id='word_1_132' title='bbox 836 2515 920 2564; x_wconf 87' lang='lat' dir='ltr'><strong>esse</strong></span> <span class='ocrx_word' id='word_1_133' title='bbox 939 2490 1047 2562; x_wconf 87' lang='lat' dir='ltr'><strong>solet.</strong></span> <span class='ocrx_word' id='word_1_134' title='bbox 1173 2488 1235 2561; x_wconf 88' lang='lat'><strong>186</strong></span> 
     </span>
     <span class='ocr_line' id='line_1_20' title="bbox 197 2602 1235 2705; baseline -0.001 -28"><span class='ocrx_word' id='word_1_135' title='bbox 197 2602 263 2677; x_wconf 91' lang='lat' dir='ltr'><strong>Me</strong></span> <span class='ocrx_word' id='word_1_136' title='bbox 277 2604 471 2678; x_wconf 91' lang='lat' dir='ltr'><strong>miseram!</strong></span> <span class='ocrx_word' id='word_1_137' title='bbox 491 2607 602 2705; x_wconf 90' lang='lat' dir='ltr'><strong>cupio</strong></span> <span class='ocrx_word' id='word_1_138' title='bbox 620 2630 695 2680; x_wconf 92' lang='lat' dir='ltr'><strong>non</strong></span> <span class='ocrx_word' id='word_1_139' title='bbox 714 2607 960 2705; x_wconf 83' lang='lat' dir='ltr'><strong>persuadere3</strong></span> <span class='ocrx_word' id='word_1_140' title='bbox 982 2605 1083 2702; x_wconf 92' lang='lat' dir='ltr'><strong>quod</strong></span> <span class='ocrx_word' id='word_1_141' title='bbox 1096 2604 1235 2677; x_wconf 86' lang='lat' dir='ltr'><strong>hortor:</strong></span> 
     </span>
     <span class='ocr_line' id='line_1_21' title="bbox 248 2719 1103 2821; baseline -0.001 -27"><span class='ocrx_word' id='word_1_142' title='bbox 248 2721 398 2820; x_wconf 89' lang='lat' dir='ltr'><strong>Sisque,</strong></span> <span class='ocrx_word' id='word_1_143' title='bbox 418 2746 563 2821; x_wconf 91' lang='lat' dir='ltr'>precor,</span> <span class='ocrx_word' id='word_1_144' title='bbox 582 2724 733 2798; x_wconf 89' lang='lat' dir='ltr'><strong>monitis</strong></span> <span class='ocrx_word' id='word_1_145' title='bbox 752 2722 878 2796; x_wconf 86' lang='lat' dir='ltr'><strong>sortior</strong></span> <span class='ocrx_word' id='word_1_146' title='bbox 896 2723 978 2820; x_wconf 89' lang='lat' dir='ltr'><strong>ipse</strong></span> <span class='ocrx_word' id='word_1_147' title='bbox 996 2719 1103 2795; x_wconf 76' lang='lat' dir='ltr'><strong>meis</strong></span> 
     </span>
    </p>
   </div>
   <div class='ocr_carea' id='block_1_4' title="bbox 193 2972 1239 4245">
    <p class='ocr_par' dir='ltr' id='par_1_12' title="bbox 193 2972 1238 3267">
     <span class='ocr_line' id='line_1_22' title="bbox 229 2972 1238 3044; baseline -0.001 -20"><span class='ocrx_word' id='word_1_148' title='bbox 229 2977 285 3026; x_wconf 85' lang='grc'><strong>169.</strong></span> <span class='ocrx_word' id='word_1_149' title='bbox 302 2979 376 3040; x_wconf 77' lang='lat' dir='ltr'><strong>Atque</strong></span> <span class='ocrx_word' id='word_1_150' title='bbox 392 2981 426 3028; x_wconf 81' lang='lat' dir='ltr'><strong>ita</strong></span> <span class='ocrx_word' id='word_1_151' title='bbox 436 2983 527 3044; x_wconf 73' lang='lat' dir='ltr'><strong>quisque</strong></span> <span class='ocrx_word' id='word_1_152' title='bbox 543 2999 595 3030; x_wconf 76' lang='lat' dir='ltr'><strong>sum</strong></span> <span class='ocrx_word' id='word_1_153' title='bbox 611 2985 694 3031; x_wconf 81' lang='lat' dir='ltr'><strong>iterum</strong></span> <span class='ocrx_word' id='word_1_154' title='bbox 744 2978 932 3028; x_wconf 83' lang='lat' dir='ltr'><strong>finnareausim:</strong></span> <span class='ocrx_word' id='word_1_155' title='bbox 949 2984 976 3026; x_wconf 94' lang='lat' dir='ltr'><strong>ut</strong></span> <span class='ocrx_word' id='word_1_156' title='bbox 983 2985 1007 3026; x_wconf 87' lang='lat' dir='ltr'><strong>et</strong></span> <span class='ocrx_word' id='word_1_157' title='bbox 1009 2972 1238 3043; x_wconf 74' lang='lat' dir='ltr'><strong>franguntar‚quod</strong></span> 
     </span>
     <span class='ocr_line' id='line_1_23' title="bbox 193 3049 1236 3117; baseline 0.003 -19"><span class='ocrx_word' id='word_1_158' title='bbox 193 3052 311 3099; x_wconf 74' lang='lat' dir='ltr'><strong>ndsomm</strong></span> <span class='ocrx_word' id='word_1_159' title='bbox 327 3054 359 3099; x_wconf 82' lang='lat' dir='ltr'><strong>od</strong></span> <span class='ocrx_word' id='word_1_160' title='bbox 378 3055 465 3117; x_wconf 71' lang='lat' dir='ltr'>urbm]</span> <span class='ocrx_word' id='word_1_161' title='bbox 494 3055 632 3105; x_wconf 83' lang='lat' dir='ltr'><strong>Notandum</strong></span> <span class='ocrx_word' id='word_1_162' title='bbox 655 3057 694 3105; x_wconf 86' lang='lat' dir='ltr'><strong>hie</strong></span> <span class='ocrx_word' id='word_1_163' title='bbox 744 3054 769 3102; x_wconf 93' lang='lat' dir='ltr'><strong>in</strong></span> <span class='ocrx_word' id='word_1_164' title='bbox 784 3054 932 3102; x_wconf 83' lang='lat' dir='ltr'><strong>Menteliano</strong></span> <span class='ocrx_word' id='word_1_165' title='bbox 946 3060 1007 3101; x_wconf 85' lang='lat' dir='ltr'><strong>erat:</strong></span> <span class='ocrx_word' id='word_1_166' title='bbox 1025 3049 1159 3115; x_wconf 83' lang='lat' dir='ltr'><strong>elegantius</strong></span> <span class='ocrx_word' id='word_1_167' title='bbox 1168 3049 1236 3105; x_wconf 77' lang='lat' dir='ltr'><strong>euin,</strong></span> 
     </span>
     <span class='ocr_line' id='line_1_24' title="bbox 194 3125 1237 3190; baseline 0.008 -20"><span class='ocrx_word' id='word_1_168' title='bbox 194 3125 292 3172; x_wconf 84' lang='lat' dir='ltr'><strong>verbum</strong></span> <span class='ocrx_word' id='word_1_169' title='bbox 304 3126 402 3188; x_wconf 71' lang='lat' dir='ltr'><strong>quisque,</strong></span> <span class='ocrx_word' id='word_1_170' title='bbox 413 3126 443 3175; x_wconf 90' lang='lat' dir='ltr'><strong>de</strong></span> <span class='ocrx_word' id='word_1_171' title='bbox 455 3128 548 3177; x_wconf 79' lang='lat' dir='ltr'><strong>duobus</strong></span> <span class='ocrx_word' id='word_1_172' title='bbox 558 3129 616 3178; x_wconf 89' lang='lat' dir='ltr'><strong>dici.</strong></span> <span class='ocrx_word' id='word_1_173' title='bbox 634 3130 693 3179; x_wconf 87' lang='lat' dir='ltr'><strong>Cro·</strong></span> <span class='ocrx_word' id='word_1_174' title='bbox 744 3136 768 3176; x_wconf 89' lang='lat' dir='ltr'><strong>et</strong></span> <span class='ocrx_word' id='word_1_175' title='bbox 790 3144 804 3175; x_wconf 82' lang='lat' dir='ltr'><strong>a</strong></span> <span class='ocrx_word' id='word_1_176' title='bbox 825 3127 890 3190; x_wconf 76' lang='lat' dir='ltr'><strong>vulgi</strong></span> <span class='ocrx_word' id='word_1_177' title='bbox 911 3143 955 3174; x_wconf 81' lang='lat' dir='ltr'><strong>usu</strong></span> <span class='ocrx_word' id='word_1_178' title='bbox 975 3126 1087 3174; x_wconf 82' lang='lat' dir='ltr'><strong>remotius</strong></span> <span class='ocrx_word' id='word_1_179' title='bbox 1106 3128 1237 3174; x_wconf 69' lang='lat' dir='ltr'><strong>uinctum·</strong></span> 
     </span>
     <span class='ocr_line' id='line_1_25' title="bbox 195 3199 925 3267; baseline 0.007 -24"><span class='ocrx_word' id='word_1_180' title='bbox 195 3212 285 3245; x_wconf 68' lang='lat' dir='ltr'><strong>usuris.</strong></span> <span class='ocrx_word' id='word_1_181' title='bbox 319 3199 625 3267; x_wconf 79' lang='lat' dir='ltr'><strong>ItaetSuetou.Aug.26.</strong></span> <span class='ocrx_word' id='word_1_182' title='bbox 661 3204 693 3253; x_wconf 83' lang='lat' dir='ltr'><strong>Ut</strong></span> <span class='ocrx_word' id='word_1_183' title='bbox 744 3201 829 3265; x_wconf 76' lang='lat' dir='ltr'><strong>virgil.</strong></span> <span class='ocrx_word' id='word_1_184' title='bbox 840 3201 925 3249; x_wconf 79' lang='lat' dir='ltr'><strong>ix.91.</strong></span> 
     </span>
    </p>

    <p class='ocr_par' dir='ltr' id='par_1_13' title="bbox 196 3269 1239 3409">
     <span class='ocr_line' id='line_1_26' title="bbox 197 3269 1239 3340; baseline 0.005 -24"><span class='ocrx_word' id='word_1_185' title='bbox 197 3269 279 3331; x_wconf 80' lang='lat' dir='ltr'><strong>Cujum</strong></span> <span class='ocrx_word' id='word_1_186' title='bbox 296 3280 317 3318; x_wconf 83' lang='lat' dir='ltr'><strong>et</strong></span> <span class='ocrx_word' id='word_1_187' title='bbox 336 3271 435 3320; x_wconf 82' lang='lat' dir='ltr'><strong>Lucium</strong></span> <span class='ocrx_word' id='word_1_188' title='bbox 443 3277 516 3337; x_wconf 76' lang='lat' dir='ltr'><strong>filios,</strong></span> <span class='ocrx_word' id='word_1_189' title='bbox 533 3294 572 3324; x_wconf 79' lang='lat' dir='ltr'><strong>suo</strong></span> <span class='ocrx_word' id='word_1_190' title='bbox 588 3295 694 3340; x_wconf 75' lang='lat' dir='ltr'><strong>quemque</strong></span> <span class='ocrx_word' id='word_1_191' title='bbox 778 3276 814 3323; x_wconf 81' lang='lat' dir='ltr'><strong>Ne</strong></span> <span class='ocrx_word' id='word_1_192' title='bbox 824 3292 891 3323; x_wconf 76' lang='lat' dir='ltr'><strong>eursu</strong></span> <span class='ocrx_word' id='word_1_193' title='bbox 901 3286 1009 3337; x_wconf 72' lang='lat' dir='ltr'><strong>quassum</strong></span> <span class='ocrx_word' id='word_1_194' title='bbox 1024 3275 1083 3329; x_wconf 73' lang='lat' dir='ltr'><strong>uilo,</strong></span> <span class='ocrx_word' id='word_1_195' title='bbox 1096 3290 1142 3321; x_wconf 80' lang='lat' dir='ltr'><strong>neu</strong></span> <span class='ocrx_word' id='word_1_196' title='bbox 1153 3272 1239 3321; x_wconf 65' lang='lat' dir='ltr'><strong>turtio·</strong></span> 
     </span>
     <span class='ocr_line' id='line_1_27' title="bbox 196 3341 871 3409; baseline 0.01 -20"><span class='ocrx_word' id='word_1_197' title='bbox 196 3341 440 3404; x_wconf 76' lang='lat' dir='ltr'><strong>Tyrocr&#39;niodeducmt</strong></span> <span class='ocrx_word' id='word_1_198' title='bbox 449 3347 567 3409; x_wconf 78' lang='lat' dir='ltr'><strong>inferum.</strong></span> <span class='ocrx_word' id='word_1_199' title='bbox 578 3348 694 3406; x_wconf 81' lang='lat' dir='ltr'><strong>Quinctii.</strong></span> <span class='ocrx_word' id='word_1_200' title='bbox 810 3352 871 3398; x_wconf 65' lang='lat' dir='ltr'><strong>uenti</strong></span> 
     </span>
    </p>

    <p class='ocr_par' dir='ltr' id='par_1_14' title="bbox 195 3414 1237 3561">
     <span class='ocr_line' id='line_1_28' title="bbox 195 3414 1210 3484; baseline 0.008 -22"><span class='ocrx_word' id='word_1_201' title='bbox 195 3414 229 3463; x_wconf 85' lang='lat' dir='ltr'><strong>iii.</strong></span> <span class='ocrx_word' id='word_1_202' title='bbox 239 3414 320 3464; x_wconf 80' lang='lat' dir='ltr'><strong>Instit.</strong></span> <span class='ocrx_word' id='word_1_203' title='bbox 329 3418 396 3466; x_wconf 82' lang='lat' dir='ltr'><strong>Orat.</strong></span> <span class='ocrx_word' id='word_1_204' title='bbox 407 3419 431 3465; x_wconf 86' lang='grc'><strong>6.</strong></span> <span class='ocrx_word' id='word_1_205' title='bbox 464 3420 507 3467; x_wconf 77' lang='lat' dir='ltr'><strong>Seu</strong></span> <span class='ocrx_word' id='word_1_206' title='bbox 519 3424 542 3467; x_wconf 86' lang='lat' dir='ltr'><strong>in</strong></span> <span class='ocrx_word' id='word_1_207' title='bbox 552 3424 591 3468; x_wconf 80' lang='lat' dir='ltr'><strong>hor</strong></span> <span class='ocrx_word' id='word_1_208' title='bbox 600 3426 694 3484; x_wconf 84' lang='lat' dir='ltr'>propriu</span> <span class='ocrx_word' id='word_1_209' title='bbox 779 3424 917 3472; x_wconf 73' lang='lat' dir='ltr'><strong>Vincuntur.</strong></span> <span class='ocrx_word' id='word_1_210' title='bbox 1123 3421 1210 3471; x_wconf 68' lang='lat' dir='ltr'>But!-</span> 
     </span>
     <span class='ocr_line' id='line_1_29' title="bbox 195 3491 1237 3561; baseline 0.01 -25"><span class='ocrx_word' id='word_1_211' title='bbox 195 3491 591 3553; x_wconf 71' lang='lat' dir='ltr'><strong>puiaqueeorumquaestionenitetur.</strong></span> <span class='ocrx_word' id='word_1_212' title='bbox 603 3496 693 3544; x_wconf 78' lang='lat' dir='ltr'><strong>Burin.</strong></span> <span class='ocrx_word' id='word_1_213' title='bbox 744 3497 865 3546; x_wconf 80' lang='lat' dir='ltr'><strong>Adludere</strong></span> <span class='ocrx_word' id='word_1_214' title='bbox 872 3496 911 3545; x_wconf 89' lang='lat' dir='ltr'><strong>hic</strong></span> <span class='ocrx_word' id='word_1_215' title='bbox 920 3505 1013 3561; x_wconf 85' lang='lat' dir='ltr'><strong>poetam</strong></span> <span class='ocrx_word' id='word_1_216' title='bbox 1021 3496 1052 3545; x_wconf 89' lang='lat' dir='ltr'><strong>ad</strong></span> <span class='ocrx_word' id='word_1_217' title='bbox 1061 3497 1161 3545; x_wconf 86' lang='lat' dir='ltr'><strong>tutelam</strong></span> <span class='ocrx_word' id='word_1_218' title='bbox 1168 3495 1237 3551; x_wconf 74' lang='lat' dir='ltr'><strong>naria.</strong></span> 
     </span>
    </p>

    <p class='ocr_par' dir='ltr' id='par_1_15' title="bbox 194 3562 1239 3858">
     <span class='ocr_line' id='line_1_30' title="bbox 230 3562 1237 3633; baseline 0.009 -24"><span class='ocrx_word' id='word_1_219' title='bbox 230 3562 286 3610; x_wconf 86' lang='grc'><strong>175.</strong></span> <span class='ocrx_word' id='word_1_220' title='bbox 320 3562 433 3627; x_wconf 77' lang='lat' dir='ltr'><strong>Pegaseus</strong></span> <span class='ocrx_word' id='word_1_221' title='bbox 456 3564 544 3629; x_wconf 71' lang='lat' dir='ltr'><strong>iinon]</strong></span> <span class='ocrx_word' id='word_1_222' title='bbox 580 3567 694 3631; x_wconf 76' lang='lat' dir='ltr'><strong>Pugureos</strong></span> <span class='ocrx_word' id='word_1_223' title='bbox 744 3571 793 3620; x_wconf 88' lang='lat' dir='ltr'><strong>sive</strong></span> <span class='ocrx_word' id='word_1_224' title='bbox 805 3573 893 3619; x_wconf 81' lang='lat' dir='ltr'><strong>affabre</strong></span> <span class='ocrx_word' id='word_1_225' title='bbox 903 3572 1028 3618; x_wconf 66' lang='lat' dir='ltr'><strong>trituratum</strong></span> <span class='ocrx_word' id='word_1_226' title='bbox 1045 3569 1148 3619; x_wconf 86' lang='lat' dir='ltr'><strong>numinis</strong></span> <span class='ocrx_word' id='word_1_227' title='bbox 1159 3584 1237 3633; x_wconf 71' lang='lat' dir='ltr'><strong>imagi</strong></span> 
     </span>
     <span class='ocr_line' id='line_1_31' title="bbox 195 3635 1239 3711; baseline 0.011 -28"><span class='ocrx_word' id='word_1_228' title='bbox 195 3636 340 3684; x_wconf 85' lang='lat' dir='ltr'><strong>Puteaneus.</strong></span> <span class='ocrx_word' id='word_1_229' title='bbox 358 3635 421 3700; x_wconf 89' lang='lat' dir='ltr'><strong>quod</strong></span> <span class='ocrx_word' id='word_1_230' title='bbox 439 3647 475 3686; x_wconf 81' lang='lat' dir='ltr'><strong>est</strong></span> <span class='ocrx_word' id='word_1_231' title='bbox 490 3638 598 3702; x_wconf 75' lang='lat' dir='ltr'><strong>Pogonus</strong></span> <span class='ocrx_word' id='word_1_232' title='bbox 609 3642 695 3690; x_wconf 79' lang='lat' dir='ltr'><strong>Grnca</strong></span> <span class='ocrx_word' id='word_1_233' title='bbox 744 3662 798 3693; x_wconf 86' lang='lat' dir='ltr'><strong>nem</strong></span> <span class='ocrx_word' id='word_1_234' title='bbox 820 3646 843 3693; x_wconf 92' lang='lat' dir='ltr'><strong>in</strong></span> <span class='ocrx_word' id='word_1_235' title='bbox 865 3645 946 3711; x_wconf 91' lang='lat' dir='ltr'>puppi,</span> <span class='ocrx_word' id='word_1_236' title='bbox 967 3643 1046 3693; x_wconf 84' lang='lat' dir='ltr'><strong>miuus</strong></span> <span class='ocrx_word' id='word_1_237' title='bbox 1069 3656 1132 3694; x_wconf 81' lang='lat' dir='ltr'><strong>reete</strong></span> <span class='ocrx_word' id='word_1_238' title='bbox 1152 3642 1239 3694; x_wconf 60' lang='lat' dir='ltr'><strong>camut</strong></span> 
     </span>
     <span class='ocr_line' id='line_1_32' title="bbox 194 3711 1034 3778; baseline 0.008 -18"><span class='ocrx_word' id='word_1_239' title='bbox 194 3711 366 3761; x_wconf 84' lang='lat' dir='ltr'><strong>enuntiatione.</strong></span> <span class='ocrx_word' id='word_1_240' title='bbox 376 3721 403 3760; x_wconf 90' lang='lat' dir='ltr'><strong>ut</strong></span> <span class='ocrx_word' id='word_1_241' title='bbox 414 3715 551 3778; x_wconf 80' lang='lat' dir='ltr'><strong>saepealibi.</strong></span> <span class='ocrx_word' id='word_1_242' title='bbox 563 3717 693 3767; x_wconf 70' lang='lat' dir='ltr'><strong>Heinsius.</strong></span> <span class='ocrx_word' id='word_1_243' title='bbox 743 3721 902 3768; x_wconf 83' lang='lat' dir='ltr'><strong>Burmannus.</strong></span> <span class='ocrx_word' id='word_1_244' title='bbox 920 3720 1034 3768; x_wconf 77' lang='lat' dir='ltr'><strong>Lrussr.</strong></span> 
     </span>
     <span class='ocr_line' id='line_1_33' title="bbox 196 3785 1237 3858; baseline 0.006 -23"><span class='ocrx_word' id='word_1_245' title='bbox 196 3785 252 3835; x_wconf 84' lang='lat' dir='ltr'><strong>Vid.</strong></span> <span class='ocrx_word' id='word_1_246' title='bbox 263 3787 293 3835; x_wconf 81' lang='lat' dir='ltr'><strong>ad</strong></span> <span class='ocrx_word' id='word_1_247' title='bbox 302 3786 380 3852; x_wconf 81' lang='lat' dir='ltr'><strong>Epist.</strong></span> <span class='ocrx_word' id='word_1_248' title='bbox 391 3786 441 3835; x_wconf 79' lang='lat' dir='ltr'><strong>xvi.</strong></span> <span class='ocrx_word' id='word_1_249' title='bbox 454 3790 511 3837; x_wconf 75' lang='lat'><strong>345.</strong></span> <span class='ocrx_word' id='word_1_250' title='bbox 779 3795 832 3842; x_wconf 79' lang='lat'><strong>186.</strong></span> <span class='ocrx_word' id='word_1_251' title='bbox 858 3794 995 3857; x_wconf 75' lang='lat' dir='ltr'><strong>Puppibus]</strong></span> <span class='ocrx_word' id='word_1_252' title='bbox 1023 3794 1126 3843; x_wconf 74' lang='lat' dir='ltr'><strong>Nauibus</strong></span> <span class='ocrx_word' id='word_1_253' title='bbox 1142 3792 1237 3858; x_wconf 66' lang='lat' dir='ltr'><strong>Regius·</strong></span> 
     </span>
    </p>

    <p class='ocr_par' dir='ltr' id='par_1_16' title="bbox 194 3861 1238 4245">
     <span class='ocr_line' id='line_1_34' title="bbox 229 3861 1236 3933; baseline 0.007 -24"><span class='ocrx_word' id='word_1_254' title='bbox 229 3861 285 3910; x_wconf 79' lang='lat' dir='ltr'><strong>lua.</strong></span> <span class='ocrx_word' id='word_1_255' title='bbox 310 3863 367 3911; x_wconf 76' lang='lat' dir='ltr'><strong>Arte</strong></span> <span class='ocrx_word' id='word_1_256' title='bbox 389 3865 493 3910; x_wconf 73' lang='lat' dir='ltr'><strong>laboratu</strong></span> <span class='ocrx_word' id='word_1_257' title='bbox 519 3867 644 3911; x_wconf 74' lang='lat' dir='ltr'><strong>sumuntur</strong></span> <span class='ocrx_word' id='word_1_258' title='bbox 666 3869 694 3914; x_wconf 81' lang='lat' dir='ltr'><strong>ab</strong></span> <span class='ocrx_word' id='word_1_259' title='bbox 744 3868 807 3931; x_wconf 90' lang='lat' dir='ltr'><strong>quod</strong></span> <span class='ocrx_word' id='word_1_260' title='bbox 828 3868 915 3933; x_wconf 82' lang='lat' dir='ltr'><strong>placet,</strong></span> <span class='ocrx_word' id='word_1_261' title='bbox 936 3868 994 3932; x_wconf 91' lang='lat' dir='ltr'><strong>quia</strong></span> <span class='ocrx_word' id='word_1_262' title='bbox 1011 3885 1096 3931; x_wconf 72' lang='lat' dir='ltr'><strong>puppes</strong></span> <span class='ocrx_word' id='word_1_263' title='bbox 1119 3864 1236 3933; x_wconf 69' lang='lat' dir='ltr'><strong>praeeedit</strong></span> 
     </span>
     <span class='ocr_line' id='line_1_35' title="bbox 194 3938 1236 4009; baseline 0.009 -26"><span class='ocrx_word' id='word_1_264' title='bbox 194 3952 279 3998; x_wconf 69' lang='lat' dir='ltr'><strong>equore</strong></span> <span class='ocrx_word' id='word_1_265' title='bbox 304 3938 409 4002; x_wconf 59' lang='lat' dir='ltr'>puppa]</span> <span class='ocrx_word' id='word_1_266' title='bbox 444 3938 531 3988; x_wconf 85' lang='lat' dir='ltr'>Melior</span> <span class='ocrx_word' id='word_1_267' title='bbox 558 3939 640 3987; x_wconf 87' lang='lat' dir='ltr'><strong>lectio:</strong></span> <span class='ocrx_word' id='word_1_268' title='bbox 668 3940 693 3989; x_wconf 91' lang='lat' dir='ltr'><strong>iu</strong></span> <span class='ocrx_word' id='word_1_269' title='bbox 744 3943 826 3991; x_wconf 85' lang='lat' dir='ltr'><strong>Doura</strong></span> <span class='ocrx_word' id='word_1_270' title='bbox 842 3943 879 3993; x_wconf 90' lang='lat' dir='ltr'><strong>hic</strong></span> <span class='ocrx_word' id='word_1_271' title='bbox 897 3954 977 3992; x_wconf 77' lang='lat' dir='ltr'><strong>nutare</strong></span> <span class='ocrx_word' id='word_1_272' title='bbox 991 3959 1034 4009; x_wconf 85' lang='lat' dir='ltr'><strong>pro</strong></span> <span class='ocrx_word' id='word_1_273' title='bbox 1053 3944 1163 4007; x_wconf 78' lang='lat' dir='ltr'><strong>navigare</strong></span> <span class='ocrx_word' id='word_1_274' title='bbox 1181 3940 1236 4007; x_wconf 61' lang='grc' dir='ltr'><strong>μ’·</strong></span> 
     </span>
     <span class='ocr_line' id='line_1_36' title="bbox 195 4008 1235 4081; baseline 0.013 -25"><span class='ocrx_word' id='word_1_275' title='bbox 195 4008 257 4065; x_wconf 86' lang='lat' dir='ltr'><strong>aliis,</strong></span> <span class='ocrx_word' id='word_1_276' title='bbox 285 4022 336 4061; x_wconf 79' lang='lat' dir='ltr'><strong>orte</strong></span> <span class='ocrx_word' id='word_1_277' title='bbox 366 4015 472 4062; x_wconf 71' lang='lat' dir='ltr'><strong>tabo-ane</strong></span> <span class='ocrx_word' id='word_1_278' title='bbox 502 4025 639 4079; x_wconf 80' lang='lat' dir='ltr'><strong>merguntur</strong></span> <span class='ocrx_word' id='word_1_279' title='bbox 665 4019 694 4063; x_wconf 83' lang='lat' dir='ltr'><strong>ub</strong></span> <span class='ocrx_word' id='word_1_280' title='bbox 743 4027 793 4064; x_wconf 89' lang='lat' dir='ltr'><strong>turn</strong></span> <span class='ocrx_word' id='word_1_281' title='bbox 804 4017 898 4081; x_wconf 86' lang='lat' dir='ltr'><strong>accipit.</strong></span> <span class='ocrx_word' id='word_1_282' title='bbox 916 4028 940 4066; x_wconf 84' lang='lat' dir='ltr'><strong>et</strong></span> <span class='ocrx_word' id='word_1_283' title='bbox 950 4017 1018 4080; x_wconf 85' lang='lat' dir='ltr'><strong>legit,</strong></span> <span class='ocrx_word' id='word_1_284' title='bbox 1031 4017 1156 4074; x_wconf 70' lang='lat' dir='ltr'><strong>eunome,</strong></span> <span class='ocrx_word' id='word_1_285' title='bbox 1165 4015 1235 4069; x_wconf 74' lang='lat' dir='ltr'><strong>idest,</strong></span> 
     </span>
     <span class='ocr_line' id='line_1_37' title="bbox 194 4088 1238 4151; baseline 0.011 -23"><span class='ocrx_word' id='word_1_286' title='bbox 194 4098 280 4144; x_wconf 74' lang='lat' dir='ltr'>aequure</span> <span class='ocrx_word' id='word_1_287' title='bbox 293 4103 386 4150; x_wconf 75' lang='lat' dir='ltr'><strong>puppes.</strong></span> <span class='ocrx_word' id='word_1_288' title='bbox 404 4088 476 4136; x_wconf 74' lang='lat' dir='ltr'><strong>Cios.</strong></span> <span class='ocrx_word' id='word_1_289' title='bbox 509 4088 556 4137; x_wconf 85' lang='lat' dir='ltr'><strong>Sed</strong></span> <span class='ocrx_word' id='word_1_290' title='bbox 572 4104 616 4151; x_wconf 84' lang='lat' dir='ltr'><strong>ego</strong></span> <span class='ocrx_word' id='word_1_291' title='bbox 634 4090 693 4138; x_wconf 87' lang='lat' dir='ltr'><strong>illud</strong></span> <span class='ocrx_word' id='word_1_292' title='bbox 743 4091 787 4138; x_wconf 89' lang='lat' dir='ltr'><strong>hoc</strong></span> <span class='ocrx_word' id='word_1_293' title='bbox 807 4091 859 4139; x_wconf 86' lang='lat' dir='ltr'><strong>loco</strong></span> <span class='ocrx_word' id='word_1_294' title='bbox 877 4094 937 4139; x_wconf 86' lang='lat' dir='ltr'><strong>solet</strong></span> <span class='ocrx_word' id='word_1_295' title='bbox 958 4092 1037 4140; x_wconf 86' lang='lat' dir='ltr'><strong>venire</strong></span> <span class='ocrx_word' id='word_1_296' title='bbox 1056 4093 1143 4148; x_wconf 77' lang='lat' dir='ltr'><strong>exitus.</strong></span> <span class='ocrx_word' id='word_1_297' title='bbox 1160 4090 1184 4139; x_wconf 92' lang='lat' dir='ltr'><strong>id</strong></span> <span class='ocrx_word' id='word_1_298' title='bbox 1202 4098 1238 4147; x_wconf 60' lang='lat' dir='ltr'><strong>est</strong></span> 
     </span>
     <span class='ocr_line' id='line_1_38' title="bbox 195 4162 1235 4245; baseline 0.008 -39"><span class='ocrx_word' id='word_1_299' title='bbox 195 4170 340 4224; x_wconf 72' lang='lat' dir='ltr'><strong>merguntur,</strong></span> <span class='ocrx_word' id='word_1_300' title='bbox 358 4162 465 4245; x_wconf 60' lang='lat' dir='ltr'><strong>glossam</strong></span> <span class='ocrx_word' id='word_1_301' title='bbox 475 4178 525 4211; x_wconf 82' lang='lat' dir='ltr'><strong>esse</strong></span> <span class='ocrx_word' id='word_1_302' title='bbox 544 4162 632 4213; x_wconf 83' lang='lat' dir='ltr'>librarii</span> <span class='ocrx_word' id='word_1_303' title='bbox 651 4162 692 4211; x_wconf 88' lang='lat' dir='ltr'><strong>ad·</strong></span> <span class='ocrx_word' id='word_1_304' title='bbox 743 4165 871 4213; x_wconf 84' lang='lat' dir='ltr'><strong>submersio</strong></span> <span class='ocrx_word' id='word_1_305' title='bbox 881 4176 905 4214; x_wconf 78' lang='lat' dir='ltr'><strong>et</strong></span> <span class='ocrx_word' id='word_1_306' title='bbox 917 4165 1016 4231; x_wconf 82' lang='lat' dir='ltr'><strong>perditio</strong></span> <span class='ocrx_word' id='word_1_307' title='bbox 1027 4165 1123 4231; x_wconf 78' lang='lat' dir='ltr'><strong>navigii.</strong></span> <span class='ocrx_word' id='word_1_308' title='bbox 1150 4164 1235 4214; x_wconf 71' lang='lat' dir='ltr'><strong>vm</strong></span> 
     </span>
    </p>
   </div>
   <div class='ocr_carea' id='block_1_5' title="bbox 0 0 1453 4980">
    <p class='ocr_par' dir='ltr' id='par_1_17' title="bbox 0 0 1453 4980">
     <span class='ocr_line' id='line_1_39' title="bbox 0 0 1453 4980; baseline 0 0"><span class='ocrx_word' id='word_1_309' title='bbox 0 0 1453 4980; x_wconf 95' lang='lat' dir='ltr'><strong> </strong></span> 
     </span>
    </p>
   </div>
  </div>
 </body>
</html>
