2896 4980
212 318 278 383 tm
508 315 546 381 Ρ.
570 313 733 383 OVIDII
757 313 969 383 NASONIS

221 489 360 563 Desine
378 487 591 572 blanditias,
612 501 650 561 et
666 490 781 561 verba
794 490 965 586 potentia
981 489 1188 586 quondam,

270 604 446 677 Perdere.
477 627 551 676 non
569 628 640 699 ego
659 628 742 677 sum
760 605 912 689 stultus,
931 615 973 679 ut
990 616 1078 679 ante
1095 604 1163 679 fui.

219 718 436 804 Luctantur,
456 729 665 816 pectusque
683 720 764 792 leve
782 719 821 791 iu
839 720 1025 797 contraria
1042 722 1214 807 tendunt,

267 834 350 908 Hac
369 859 485 921 amor,
505 835 574 908 hac
593 834 737 909 odium:
767 835 848 919 sed,
869 846 972 933 puto,
992 836 1107 909 vincit
1125 860 1240 910 amor.

219 949 376 1044 [Oder0,
396 951 427 1022 si
446 960 595 1048 potero:
624 950 759 1035 sinon,
779 951 917 1023 invitus
935 951 1083 1024 amabo.
1216 955 1264 1024 35

271 1065 352 1138 Nec
366 1067 461 1161 juga
478 1076 606 1137 taurus
624 1075 742 1137 amat:
772 1088 858 1160 quae
871 1076 998 1138 tamen
1011 1066 1103 1152 odit,
1118 1066 1264 1158 habet]

219 1179 438 1278 Nequitiam
456 1181 576 1279 fugio:
605 1180 809 1276 fugientem
829 1180 949 1254 forma
966 1181 1124 1255 reducit.

268 1296 430 1369 Aversor
446 1321 591 1370 morum
609 1296 781 1368 crimina:
810 1319 947 1393 corpus
964 1319 1062 1369 amo.

155 1476 165 1491 ,
219 1412 282 1484 Sic
301 1437 371 1507 ego
389 1437 459 1486 nec
477 1413 558 1487 sine
576 1424 626 1499 te,
646 1437 714 1484 uec
732 1423 859 1485 tecum
877 1412 998 1485 vivere
1014 1434 1189 1509 possum:

269 1525 320 1599 Et
336 1527 463 1600 videor
479 1528 554 1602 voti
573 1527 722 1600 nescius
740 1550 824 1599 esse
843 1527 929 1599 mei.
1215 1528 1264 1596 40

218 1641 295 1715 Aut
305 1642 712 1728 formosaforesminus,
721 1654 785 1715 aut
793 1641 915 1714 minus
923 1641 1106 1739 improba,
1114 1640 1260 1715 vellem.

269 1755 356 1831 Non
373 1758 463 1831 facit
480 1759 527 1831 ad
545 1782 667 1830 mores
685 1769 762 1830 tam
779 1757 879 1830 bona
895 1756 1012 1830 forma
1029 1757 1162 1829 malos.

218 1871 335 1947 Facta
352 1886 502 1949 movent
518 1875 666 1961 odium;
695 1872 810 1946 facies
827 1884 959 1945 exorat
975 1895 1155 1944 amorem.

268 1987 334 2060 Me
352 1990 545 2061 miserum!
573 1990 671 2062 vitiis
689 1991 775 2087 plus
792 1988 891 2062 valet
909 1988 972 2061 illa
987 1987 1080 2059 suis,

219 2100 351 2189 Parce,
372 2127 438 2201 per
456 2105 478 2173 d
496 2104 583 2176 lecti
602 2105 755 2178 socialia
767 2108 864 2202 jura,
884 2128 950 2202 per
967 2127 1099 2177 omnes
1213 2105 1259 2174 45

267 2216 360 2313 (Qui
378 2218 469 2291 dent
486 2218 668 2293 fallendos
686 2246 727 2293 se
745 2221 812 2293 tibi
830 2219 949 2317 saepe)
968 2217 1085 2303 Dem,

219 2333 370 2430 Perque
388 2342 490 2406 tuam
508 2334 654 2421 faciem,
673 2337 798 2430 magni
816 2335 907 2406 mihi
926 2333 1088 2406 numinis
1107 2332 1235 2414 instar,

270 2448 420 2547 Perque
438 2461 521 2523 tuos
539 2451 680 2537 oculos,
701 2452 765 2548 qui
783 2475 939 2550 rapuere
956 2473 1079 2535 me0s3

219 2561 413 2662 Quidquid
431 2566 516 2652 eris,
536 2589 621 2640 mea
637 2590 786 2664 semper
802 2567 887 2640 eric.
908 2577 948 2637 tu
966 2564 1083 2659 selige
1100 2574 1257 2647 tantum,

269 2679 335 2752 Me
354 2706 505 2778 quoque
520 2683 614 2756 velle
631 2683 734 2770 veliS,
756 2706 851 2755 anne
868 2692 1022 2754 coactus
1040 2679 1186 2751 amem?
1213 2683 1261 2750 50

220 2796 352 2870 Lintea
368 2799 455 2872 dem
474 2800 610 2896 potiuS,
629 2800 826 2895 ventisque
843 2797 1048 2870 serentibus
1066 2804 1167 2879 utar3

270 2913 324 2985 Ut
342 2916 511 3010 quamvis
530 2916 655 3000 nolim,
675 2939 787 3011 cogar
805 2936 928 2986 amare
946 2922 1084 2984 tamen.

252 3090 293 3137 35.
307 3088 388 3144 ouem,
397 3093 415 3136 ri
424 3090 522 3152 potero]
535 3089 661 3137 Distichon
670 3090 715 3137 hoc
765 3103 843 3136 sunus.
861 3088 950 3134 Herus.

219 3162 363 3210 Oridianum
374 3179 420 3210 non
430 3163 593 3212 videturesse.
611 3164 700 3212 Huius.
798 3162 839 3207 47.
859 3161 941 3223 Magni
960 3160 1015 3205 mitri
1040 3160 1142 3205 numinis
1166 3158 1260 3219 iudan]

252 3237 291 3282 43.
303 3236 376 3283 Facta
390 3246 475 3284 merent
492 3237 589 3299 odium]
623 3236 714 3283 Movent
766 3233 885 3282 Martialis
894 3232 936 3280 vii.
951 3234 990 3280 ll.

219 3308 316 3372 quidum
327 3309 428 3357 codices.
439 3322 523 3359 merent
535 3320 713 3374 promerentur.
800 3309 886 3370 Perque
902 3318 953 3354 tuac
969 3311 1133 3371 aurearum
1147 3308 1202 3355 mitt
1218 3324 1260 3354 rru-

220 3382 379 3430 Medicamine
391 3383 478 3438 Faciei,
488 3387 601 3431 mundicia
618 3386 715 3431 crimina
829 3384 895 3429 mim'r
905 3384 986 3428 instar.

222 3457 286 3503 nulla
300 3467 395 3503 merent.
406 3458 426 3504 si
443 3465 522 3505 tamen
537 3458 603 3506 iocus
618 3459 663 3506 iste
680 3470 715 3505 cst
