2896 4980
207 324 248 383 nr
412 288 422 300 '
535 322 569 380 P.
592 323 734 384 ovmn
755 325 947 388 nnsorns

284 487 359 561 oue
372 488 469 576 pron¹
477 488 569 566 pieta
580 468 694 548 numm
707 490 790 560 min,
804 491 901 572 etque
913 492 1054 555 numm

323 583 395 652 Jum,
404 582 517 651 modm,
530 595 561 644 st
573 603 661 644 sscrae
673 585 771 645 mitior
783 587 826 648 ire
839 587 959 651 domus!

109 766 115 783 Χ
206 792 302 860 Etis
318 794 445 871 eodem,
463 793 568 879 Epist
588 794 633 859 ix.
650 817 772 862 numen
786 796 930 884 Augusti
948 813 1053 887 rogat,
1075 815 1112 868 ut
1131 804 1192 871 sibi
1212 805 1259 891 ig-

103 889 106 895 ’
203 905 366 975 noscetur,
382 896 561 981 prasertim
581 916 655 961 cum
671 897 714 962 de
737 895 791 962 iilo
809 920 894 963 novo
910 900 987 966 Deo
1007 901 1095 970 fecto
1114 903 1258 972 libelirnn

203 999 378 1085 scripserit.
425 996 485 1062 Ait
498 999 603 1063 enim:

281 1180 329 1241 Tu
341 1191 420 1242 certe
431 1182 487 1241 scis
500 1181 572 1253 hoe,
584 1184 698 1262 superis
710 1184 829 1257 sdscito,
842 1185 991 1266 videoque,

204 1347 210 1355 .
318 1277 939 1345 Cesar,utestoculirsuhdiutenatuis
1037 1313 1043 1321 ·

281 1368 329 1429 Tu
339 1380 451 1430 nostrus
463 1368 547 1429 sudio
560 1370 638 1430 inter
651 1391 780 1432 convexo
792 1372 905 1434 locotus

319 1462 422 1523 Sidera
436 1462 559 1523 sollicito
572 1482 643 1542 quos
655 1463 757 1525 demus
769 1486 818 1525 ore
831 1486 939 1544 preces

203 1558 205 1563 ’
279 1557 456 1617 Pervenient
469 1555 583 1616 illucet
596 1557 724 1617 carmine
736 1559 856 1618 forsitan
869 1558 922 1618 ills

319 1651 394 1725 Quoe
407 1651 444 1711 de
457 1662 488 1712 te
501 1653 601 1732 scripsi
615 1652 713 1713 coelite
728 1653 805 1714 fecto
818 1674 901 1714 novo.

278 1747 416 1826 Auguror
429 1748 473 1807 his
486 1748 578 1827 igitur
591 1747 668 1808 flecti
681 1759 734 1809 tus
746 1748 884 1808 numine:
906 1769 960 1810 neo
972 1760 1008 1808 tu

319 1841 468 1902 Immerito
479 1862 584 1902 nomen
596 1842 668 1902 mite
683 1843 811 1922 parentis
823 1842 920 1902 bobes.

228 2023 383 2108 'Scripsit
394 2031 469 2086 onte
483 2019 630 2086 exsilium
645 2020 830 2086 Heroidum
845 2019 1011 2106 Epistolss
1026 2020 1196 2106 plurimes;
1212 2023 1255 2087 de

200 2124 378 2191 Amoribus
399 2123 442 2188 sd
462 2122 636 2187 Corinnam
654 2121 757 2186 libros
777 2142 808 2186 v.
830 2143 912 2205 quos
933 2133 1048 2208 postes
1069 2123 1256 2209 diligentius

198 2226 381 2311 recognitos
396 2224 430 2288 in
443 2235 509 2289 tres
524 2223 662 2308 redegit,
678 2222 768 2307 quod
783 2223 830 2288 sic
843 2223 914 2308 ipse
928 2224 997 2290 ini.
1014 2226 1208 2291 eorundem:

275 2430 337 2503 Qui
350 2427 435 2489 modo
449 2427 481 2487 N
482 2429 576 2488 sconis
587 2429 736 2488 fuemus
749 2427 879 2507 quinque
892 2428 995 2500 libelli,

316 2524 392 2584 Tres
403 2543 520 2583 summ:
541 2524 595 2582 hoo
607 2521 652 2581 illi
664 2521 796 2601 pretulit
808 2533 1003 2604 suctoropus

133 2760 136 2765 ·
199 2738 254 2803 De
274 2736 356 2801 Arte
372 2735 514 2800 Amandi
530 2732 630 2798 libros
652 2745 736 2812 tres3
761 2735 803 2800 de
818 2735 980 2801 Remedio
1000 2735 1131 2800 Amoris
1152 2734 1251 2801 libros

197 2841 285 2917 duo;
307 2837 626 2904 Transmutationum
643 2834 743 2902 libros
757 2838 962 2922 quindecim:
986 2859 1079 2923 quos,
1095 2839 1172 2922 quis
1186 2860 1251 2903 non

199 2941 436 3016 emendaverat,
448 2948 517 3003 tum
536 2938 648 3015 iratus,
664 2949 701 3002 ut
715 2939 786 3023 ipse
801 2940 856 3018 eit,
873 2940 980 3004 studio
993 2940 1251 3024 nominibusque

197 3042 274 3119 suis,
296 3064 369 3107 eum
391 3039 513 3105 Tomos
535 3039 747 3125 relegaretur,
770 3064 828 3106 sue
850 3064 947 3106 manu
970 3042 1155 3120 combussit,
1177 3063 1251 3106 cum

196 3143 267 3209 eliis
292 3142 486 3228 quibusdam
511 3140 686 3226 placituris.
743 3141 811 3207 Sed
837 3143 913 3228 quis
942 3143 1098 3228 exscripti
1122 3142 1251 3209 furerent

196 3258 272 3311 ente
297 3244 442 3330 plurimis
470 3240 638 3327 exemplis,
664 3243 793 3307 omnino
819 3242 942 3309 aboleri
967 3265 1033 3308 non
1061 3254 1248 3328 potuerunt.

197 3347 296 3413 Unde
311 3347 367 3424 sic,
383 3345 417 3409 in
430 3344 531 3409 Trist,
549 3343 592 3407 iii.
610 3341 707 3429 Eleg.
724 3344 795 3408 xiv:
848 3376 854 3382 ·

277 3598 353 3657 Sunt
366 3619 480 3677 quoque
493 3606 613 3656 mutate
625 3607 671 3656 ter
683 3596 812 3675 quinque
825 3596 971 3656 volumina
985 3596 1092 3666 forme,

315 3692 450 3751 Carmine
463 3691 500 3751 de
513 3690 621 3750 domini
634 3692 737 3751 funere
751 3700 833 3770 repta
846 3691 900 3750 sui.

275 3787 354 3846 Illud
367 3807 439 3866 opus
452 3787 558 3866 potuit,
573 3788 597 3846 si
611 3806 669 3845 non
681 3786 763 3866 prius
776 3785 838 3864 ipse
852 3785 1001 3864 perissem,

313 3882 430 3941 certius
444 3903 460 3940 e
474 3902 586 3940 summe
599 3900 704 3940 nornen
717 3881 823 3940 hebere
836 3900 933 3939 manu.

274 3976 305 4034 N
307 3997 364 4035 unc
376 3976 565 4035 incorrectum
579 3976 679 4055 populi
692 3975 825 4055 pervenit
839 3976 871 4034 in
882 3994 941 4044 ors,

314 4070 349 4127 ln
363 4070 462 4149 populi
475 4071 632 4149 quidquam
646 4073 671 4130 ei
684 4084 782 4131 temen
795 4092 844 4132 ore
857 4091 955 4132 meum
968 4080 1021 4130 est.
