2896 4980
194 336 261 400 tm
490 334 528 396 P.
554 332 716 398 OVIDII
743 334 960 402 NASONIS

199 508 293 592 Quae
311 519 577 580 concurrentes
597 509 694 580 inter
711 510 913 582 temeraria
928 521 1068 584 cautes·

250 623 506 720 Conspicuam
525 622 627 694 fulvo
644 621 787 696 vellere
804 624 907 698 vexit
922 650 1040 698 ovem.

200 738 234 810 O
255 739 408 824 utinam,
428 763 529 812 remo
548 760 596 808 ne
615 737 705 831 quis
724 736 821 811 freta
835 741 946 837 longa
961 750 1141 825 moveret,
1219 742 1243 813 5

249 853 350 950 Argo
368 855 533 928 funestas
551 874 686 950 pressa
704 851 863 927 bibisset
880 855 1017 951 aquas!

201 968 301 1044 Ecce
319 970 414 1067 fugit
431 982 636 1065 notumque
655 979 792 1057 torum,
812 972 1009 1068 sociosque
1027 971 1212 1059 Penates;

252 1086 496 1185 Fallacesque
514 1086 591 1159 vias
611 1083 663 1158 ire
683 1082 850 1159 Corinna
865 1098 985 1184 parat.

202 1201 301 1284 Quid
316 1204 383 1276 tibi
399 1206 477 1295 (me
489 1203 663 1275 miserum
678 1200 705 1293 l)
724 1202 916 1299 Zephyros
930 1200 1240 1300 Eurosquetime-

252 1317 302 1391 Et
319 1320 484 1414 gelidum
504 1318 664 1401 Borean,
684 1318 947 1414 egelidumque
967 1316 1002 1389 N
1007 1321 1139 1392 otum‘.l
1166 1320 1239 1415 [bo,

202 1432 289 1506 Non
307 1435 381 1508 illic
401 1437 524 1519 urbes
545 1458 618 1506 non
636 1445 677 1505 tu
696 1435 878 1507 mirabere
897 1433 1030 1521 silvas3
1200 1438 1236 1507 ll

253 1551 339 1623 Una
356 1564 414 1625 est
432 1552 558 1648 injusti
577 1552 713 1623 caerula
730 1549 848 1622 forma
865 1550 989 1622 maris.

201 1666 237 1738 N
241 1692 284 1740 ec
303 1669 447 1741 medius
466 1680 598 1741 tenues
617 1668 792 1752 conchae,
812 1667 981 1764 pictusve
998 1666 1160 1763 lapillos,

252 1784 395 1857 Pontus
414 1786 548 1859 habet:
577 1785 695 1857 bibuli
712 1783 828 1857 litoris
847 1783 910 1854 illa
926 1806 1031 1854 mora
1047 1792 1119 1855 est.

201 1898 326 1972 Litora
344 1901 559 1974 marmoreis
577 1900 737 1999 pedibus
756 1898 949 1993 signanda,
969 1896 1118 1995 puellae.
1200 1898 1239 1968 15

251 2012 445 2088 Hactenus
464 2026 523 2089 est
536 2026 658 2088 tutum
672 2041 680 2088 :
709 2024 835 2087 cetera
851 2035 953 2085 caeca
969 2012 1029 2084 via
1046 2023 1118 2086 est.

202 2128 252 2203 Et
269 2130 374 2202 vobis
393 2131 453 2203 alii
471 2142 664 2203 ventorum
683 2131 813 2228 proelia
830 2141 1000 2217 narrent;

250 2244 354 2328 Quas
375 2245 504 2343 Scylla
521 2245 684 2332 infestet,
704 2270 845 2343 quasve
864 2244 1080 2343 Charybdis
1101 2266 1236 2341 aquas:

200 2361 250 2436 Et
267 2362 404 2459 quibus
422 2363 611 2435 emineant
628 2362 790 2436 violenta
808 2362 995 2436 Ceraunia
1012 2360 1137 2439 saxis:

250 2477 335 2562 Quo
354 2479 494 2552 lateant
512 2479 657 2578 Syrtes
677 2503 798 2578 quove
818 2477 943 2550 Malta
960 2477 1057 2549 sinu.
1193 2479 1237 2546 20

196 2680 226 2729 Id
236 2688 280 2736 est,
291 2690 441 2746 stupescente
452 2691 476 2731 et
487 2681 618 2730 admirante
629 2682 696 2731 mari.
746 2682 772 2729 ii.
785 2680 869 2744 Elegia
879 2679 906 2727 ii.
918 2687 967 2727 tum
979 2688 1004 2727 et
1019 2677 1074 2726 aliis
1089 2676 1158 2725 locis.
1174 2678 1237 2724 dero

197 2752 335 2801 Cromnos.
369 2754 480 2818 Ejusdem
499 2755 547 2803 lere
564 2756 696 2818 argumenti
746 2759 787 2803 ciis
795 2757 913 2817 penatibus
923 2751 1004 2801 monui
1015 2751 1047 2800 nd
1057 2751 1137 2817 Epist.
1149 2767 1172 2799 v.
1182 2764 1237 2799 vert.

197 2836 233 2876 est
247 2827 363 2892 Propertii
376 2829 460 2892 Elegia
476 2840 560 2877 octaua
578 2829 631 2876 libri
649 2828 695 2893 pri-

197 2904 244 2950 mi:
270 2904 376 2966 AEquoris
396 2907 463 2951 undis
485 2920 539 2951 vera
560 2913 594 2951 est
617 2904 695 2952 lectio.

196 2977 287 3024 Bonis.

230 3053 253 3100 3.
274 3052 439 3100 concurrentes
457 3053 557 3115 corita]
585 3053 695 3114 Cynum,

197 3141 250 3188 quta
268 3134 292 3174 et
308 3127 467 3190 Sprnpltgadcs
485 3136 557 3192 petrae
577 3126 694 3183 dicuntur,

197 3199 317 3262 intelligit.
351 3200 389 3248 De
402 3201 437 3248 lris
448 3202 531 3248 Strabo
541 3200 584 3248 lib.
597 3201 611 3247 i.
624 3210 648 3248 ct
658 3201 693 3249 iii.

197 3272 300 3318 fabulam
313 3272 394 3335 paullo
406 3273 514 3322 diffusius
528 3284 605 3320 narrat
620 3274 695 3338 Apol·

196 3345 290 3392 lodorus
307 3345 347 3391 lib.
359 3345 375 3391 i,
388 3347 552 3394 Bibliotheca.
588 3348 641 3394 lluc
653 3364 695 3395 nu·

197 3429 245 3466 tem
267 3418 376 3482 pertinet,
397 3420 460 3482 quod
483 3421 564 3468 scribit
586 3421 694 3483 Hyginus

197 3508 251 3556 cap.
269 3494 316 3539 xri.
351 3494 497 3555 Argonautis,
516 3512 566 3540 cum
583 3512 623 3554 per
635 3496 694 3557 Cyn-

196 3574 344 3619 remeantes,
357 3582 405 3626 quer
416 3568 528 3612 dicuntur
543 3576 612 3625 petra·
627 3567 693 3629 Sym-

194 3642 308 3704 plegades,
321 3642 440 3686 intrassent
452 3656 521 3695 mure,
537 3644 594 3701 quod
608 3642 695 3688 dicitur

198 3714 322 3769 Eusinurn,
333 3722 355 3759 et
366 3722 478 3768 errarent,
490 3714 607 3760 voluntate
618 3712 693 3761 Junc-

196 3790 232 3835 nis
242 3789 312 3835 delati
323 3795 377 3834 sunt
394 3790 424 3834 cd
437 3787 533 3833 insulam
549 3786 624 3834 Diam.
658 3786 694 3835 lln‘

196 3865 342 3915 inuenerunt,
355 3859 489 3923 etreliqua.
524 3859 596 3906 Cror.

229 3936 252 3982 7.
271 3933 422 3997 Patriacum]
442 3933 547 3996 Uterque
569 3931 610 3981 lib.
631 3933 693 3981 Mat-

197 4008 268 4056 ieian.
294 4012 402 4070 sociosque
419 4018 520 4068 penates.
559 4006 694 4056 Crorrsvs.

196 4082 310 4143 sociosque
320 4080 410 4146 scripti.
442 4082 525 4147 Nupta
535 4080 599 4128 enim
611 4080 692 4128 Corin-

195 4169 235 4209 na,
247 4163 274 4202 ut
284 4163 386 4218 patetex
398 4155 481 4218 Elegia
492 4154 525 4204 ir.
537 4154 579 4203 lib.
590 4153 605 4202 i.
617 4163 641 4202 et
651 4154 693 4202 lib.

748 2832 804 2879 126.
842 2829 974 2876 Herusrus.

781 2905 819 2951 13.
840 2903 956 2964 Pietasque
968 2899 1079 2962 lapillos]
1094 2897 1238 2948 Videturbie

747 2976 847 3024 Ovidius
865 2984 919 3024 ante
937 2973 1017 3022 oculos
1035 2973 1237 3022 babuisselucre·

746 3050 813 3105 tium,
825 3050 866 3113 qui
878 3049 919 3097 lib.
930 3049 964 3096 iii.
975 3049 1033 3095 374.
1046 3047 1080 3098 ita
1091 3047 1169 3095 canit:

781 3124 963 3185 concharumque
980 3136 1054 3186 genus
1068 3123 1141 3186 parili
1158 3122 1239 3168 ναΐου

810 3199 909 3244 videmus

779 3271 878 3334 Pingere
890 3271 980 3318 telluris
993 3271 1117 3333 gremium,
1129 3284 1174 3331 qua
1189 3268 1238 3315 ml·

810 3347 867 3392 libus
876 3348 944 3391 undis

778 3419 873 3466 Litteris
885 3420 975 3465 incurri
985 3418 1084 3464 bibulum
1095 3419 1161 3478 putu
1171 3429 1239 3478 equor

809 3509 911 3538 amam.
1121 3489 1211 3537 ΒΜ.

780 3567 817 3612 19.
840 3563 977 3626 Ceraunia]
1003 3562 1132 3619 Ceraunia,
1151 3577 1203 3627 quo
1217 3568 1239 3610 el

746 3640 914 3685 Acroceraunia
931 3636 1050 3691 dicuntur,
1067 3646 1124 3685 sunt
1137 3634 1240 3685 altissimi

745 3721 836 3759 montes
856 3711 934 3777 Epiri:
958 3728 973 3760 a
990 3710 1080 3759 crebris
1098 3710 1239 3765 fulminibus,

744 3802 797 3849 quae
825 3802 865 3833 eos
894 3784 1036 3852 percutiunt,
1064 3784 1139 3844 dicti,
1166 3782 1239 3834 Grati

744 3860 806 3906 enim
813 3858 933 3923 κὲραυνον
939 3858 1029 3906 fulmen
1036 3857 1169 3923 appellunt.
1184 3857 1240 3905 Sunt

744 3942 823 3980 autern
839 3933 967 3997 naufragiis
986 3931 1106 3995 insignes:
1125 3931 1189 3981 unde
1203 3944 1241 3979 stt

744 4007 855 4055 Horatius
865 4008 960 4071 infirmes
969 4007 1069 4067 scopulos
1078 4005 1150 4055 dixit.

777 4082 816 4128 20.
835 4081 884 4134 Quo
901 4082 988 4128 lateant
1005 4080 1093 4142 Syrtes,
1108 4076 1246 4143 piamun·-

746 4156 779 4202 lea
798 4155 871 4217 sinin]
891 4153 998 4202 Dubium
1017 4162 1053 4202 ent
1068 4153 1171 4211 nullm,
1187 4149 1249 4217 quin!
