2896 4980
204 309 271 376 478
499 308 540 374 Ρ.
563 308 727 377 ovlnn
751 310 961 378 NASONIS

175 474 183 491 ’
205 481 380 558 Ebrietas
398 492 441 556 ut
457 505 546 558 vera
562 494 686 570 nocet,
704 485 760 557 sic
778 485 867 559 ficta
880 485 1037 582 juvabit.

255 597 332 671 Fac
350 597 490 671 titubet
506 597 623 672 blaeso
640 599 800 674 subdola
816 600 944 696 lingua
959 625 1072 676 sono:

207 712 272 800 Ut,
292 711 479 811 quidquid
497 711 614 786 iacies
630 713 781 787 dicasve
798 715 1003 815 protervius
1020 739 1142 813 oequo,

255 829 444 903 Credatur
460 829 617 902 nimium
633 853 771 905 caussa
786 830 902 904 fuisse
919 855 1075 905 mamm.
1173 836 1251 905 600

204 943 268 1032 Et,
293 944 412 1031 Bene,
440 945 515 1032 die,
537 946 718 1035 dominoe3
746 947 857 1033 bene,
875 970 962 1020 cum
988 970 1064 1044 quo
1088 946 1252 1021 dormiat

255 1059 333 1132 Sed
352 1060 450 1135 male
468 1060 519 1135 sit
534 1061 650 1135 tacita
666 1071 792 1135 mente
809 1085 963 1160 precare
979 1061 1069 1137 viro.
1147 1061 1247 1156 [inm

203 1174 268 1262 At,
287 1199 375 1249 cum
393 1177 565 1251 discedet
581 1180 714 1252 mensa
731 1178 887 1251 conviva
903 1179 1064 1265 remotd;

253 1289 365 1389 (Ipsa
380 1293 449 1366 tibi
467 1316 644 1368 accessus
662 1295 774 1370 turba
789 1294 991 1392 locumque
1007 1293 1129 1388 dabit)

204 1405 334 1481 Insere
351 1418 390 1482 te
407 1410 550 1485 turbae:
578 1411 784 1508 leviterque
802 1411 975 1484 admotus
992 1408 1106 1494 eunti,
1171 1412 1252 1481 605

252 1522 362 1598 Velle
379 1523 477 1599 latus
494 1525 641 1622 digitis;
668 1536 709 1600 et
725 1527 825 1624 pede
841 1536 954 1620 tange
970 1525 1119 1622 pedem.

203 1637 406 1736 Colloquio
419 1642 501 1737 jam
517 1652 670 1740 tempus
686 1641 806 1715 adest.
833 1639 922 1737 fuge
939 1640 1077 1713 rustice
1092 1639 1205 1734 longe

254 1752 355 1828 Hinc
381 1757 521 1854 pudor:
550 1757 753 1830 audentem
773 1755 941 1853 Forsque
958 1754 1163 1851 Venusque
1181 1756 1244 1851 ju·

203 1867 240 1940 N
242 1893 292 1941 ou
310 1879 376 1943 tua
392 1872 464 1945 sub
482 1883 628 1946 nostras
645 1871 770 1946 veniat
785 1870 960 1944 facundia
975 1871 1090 1967 leges.
1125 1872 1245 1964 [aaut.

253 1983 329 2057 Fac
346 1995 493 2060 tantum
510 1987 680 2086 incipias,
700 1998 837 2086 sponte
853 1988 1015 2061 disertus
1032 1985 1118 2060 eris.
1170 1990 1248 2059 610

202 2097 274 2172 Est
292 2100 360 2172 tibi
378 2103 547 2197 agendus
564 2125 707 2189 amaus,
721 2102 977 2199 imitandaque
994 2101 1146 2174 vulnera
1162 2124 1246 2175 var-

252 2212 353 2287 Hine
371 2215 440 2289 tibi
459 2228 649 2313 quaeratur
666 2218 837 2314 qualibet
850 2229 930 2291 arte
947 2216 1053 2290 fides.
1152 2216 1243 2310 [bis.

202 2328 239 2404 N
241 2353 286 2404 ec
300 2330 403 2404 credi
421 2332 527 2406 labor
543 2343 620 2407 est:
648 2332 720 2405 sibi
736 2356 900 2430 quaeque
909 2331 1055 2405 videtur
1070 2331 1244 2404 amanda.

251 2443 424 2520 Pessima
442 2448 503 2533 sit,
523 2446 615 2520 nulli
633 2471 707 2520 nou
725 2469 795 2521 sua
810 2446 929 2520 forma
945 2445 1079 2543 placet.

202 2559 315 2658 Soepe
333 2571 460 2634 tamen
477 2585 564 2635 vere
580 2562 697 2659 coepit
713 2561 905 2635 simulator
921 2585 1065 2635 amare:
1169 2565 1245 2633 615

252 2676 377 2773 Saepe,
397 2678 499 2774 quod
518 2678 699 2776 incipiens
715 2677 876 2752 finxerat
892 2701 988 2764 esse,
1006 2676 1087 2748 fuit.

201 2788 288 2874 Quo
302 2792 422 2887 magis
440 2793 463 2863 ὀ
481 2792 609 2866 saciles
627 2792 859 2866 imitantibus
877 2801 969 2877 este,
989 2790 1134 2888 puellae.

251 2905 335 2981 Fiet
352 2931 456 2982 amor
472 2933 594 2995 verus,
614 2909 680 3005 qui
698 2909 809 2984 modo
827 2908 942 2982 falsus
959 2917 1051 2981 erat.

229 3191 288 3239 aul.
307 3190 369 3239 Bene
384 3208 436 3239 eum
452 3207 495 3254 quo
513 3191 611 3239 domist
629 3190 695 3253 itta]
746 3191 837 3256 scripti.
863 3189 935 3254 idque
954 3203 1034 3236 verum
1060 3201 1109 3236 esse
1135 3185 1245 3234 arbitror.

197 3260 281 3311 idest
297 3264 409 3312 maturi:
430 3263 501 3313 dubie
519 3263 582 3312 enirn
598 3262 696 3319 dictum,
747 3266 831 3312 Audet
846 3264 908 3313 enim
928 3270 964 3311 est
980 3258 1123 3314 temerarius,
1140 3274 1211 3322 quem
1230 3275 1245 3306 a

198 3342 266 3384 utet
282 3334 373 3383 devito
390 3337 463 3400 ponit
479 3335 542 3401 capi,
561 3334 634 3400 idque
649 3335 697 3384 dici
748 3339 801 3388 Des
814 3338 893 3403 jurari
909 3337 1008 3386 stultum
1024 3333 1181 3382 essetdieere.
1200 3332 1243 3380 ssd

197 3407 243 3457 etti
257 3407 359 3457 callidus
369 3409 468 3458 maritus
485 3409 576 3465 eredat,
594 3409 629 3457 ita
644 3412 697 3457 dor·
748 3413 840 3460 Audeat
855 3419 892 3461 est
907 3411 980 3466 fertis,
991 3408 1114 3463 ammaus,
1125 3413 1244 3461 comum.

196 3485 255 3531 mire
269 3499 320 3531 eum
337 3484 422 3544 atiquo,
433 3483 494 3531 sumi
505 3482 586 3531 docuit
596 3482 697 3547 diligen·
747 3484 788 3550 qni
799 3483 1088 3551 intrepidusnimoomnia
1098 3478 1243 3543 adgreditur.

196 3554 301 3606 tissimus
316 3556 462 3604 Passeratius
480 3556 511 3605 ad
522 3555 637 3622 Propertii
655 3555 697 3605 iib.
748 3560 875 3607 Audenam
886 3574 936 3607 esse
946 3556 1011 3607 laudi
1022 3554 1124 3610 ducitur,
1133 3555 1243 3601 auduom

197 3647 222 3681 s.
234 3630 298 3696 eleg.
311 3648 333 3680 ν.
344 3645 400 3695 pag.
411 3631 469 3679 269.
503 3631 592 3679 Banu.
747 3631 813 3680 vitio.
847 3632 936 3680 Burs.

228 3705 289 3753 6⁰5.
307 3703 442 3766 Leniterque
449 3703 576 3767 admota]
591 3705 695 3752 Pariter·
778 3706 836 3753 610.
855 3705 902 3753 Fac
913 3715 1004 3753 tantum
1020 3699 1116 3765 capia]
1134 3699 1195 3754 11³⁰»
1204 3702 1243 3748 ἰπ-

195 3793 239 3842 qiu
258 3775 392 3826 Palatinus.
420 3776 462 3825 sed
485 3779 564 3825 uniter
582 3785 619 3826 est
645 3776 696 3828 sina
745 3779 824 3840 cipias
841 3777 905 3842 quod
916 3773 1157 3826 innumerarum
1166 3781 1244 3831 extat,

197 3849 391 3914 multostrepitn.
426 3851 516 3900 Eunu.
745 3857 771 3899 et
786 3849 811 3898 in
826 3850 952 3898 Erinmno
967 3848 1125 3911 Zinzerlingus
1140 3845 1243 3895 invenit.

228 3925 287 3972 608.
315 3925 429 3971 Audacem
455 3923 554 3987 Forsque
579 3923 696 3987 Venusque
745 3931 825 3972 notam
844 3922 913 3980 illud,
927 3925 1052 3971 Dimidium
1061 3923 1127 3987 sacti
1140 3922 1245 3983 quidese

188 3999 299 4061 jamna]
331 3999 445 4046 Audenter
464 3998 626 4047 Samvianus.
653 3998 695 4047 sed
745 4000 819 4058 sepit,
847 3998 920 4046 tradet.
946 4007 971 4046 et
997 3997 1106 4060 adagium
1131 3995 1243 4043 Grncum

196 4073 318 4121 audentem
327 4069 406 4117 Fditio
423 4070 498 4134 prima
512 4081 537 4121 et
547 4071 643 4134 triginta
654 4087 695 4120 sex
746 4069 992 4136 Ἀρχήδὲτοιῆμισυ
1004 4071 1106 4129 παντός.
1139 4069 1233 4117 Harsa.
