2896 4980
204 331 269 397 452
507 329 547 396 Ρ.
575 329 735 397 OVIDII
759 330 973 399 NASONIS

207 503 257 578 Et
274 503 354 577 fora
369 506 595 578 conveniunt
612 505 714 601 (quis
732 506 889 582 credere
906 506 1066 605 possiti)
1085 511 1221 598 amori3

256 617 502 716 flammaque
519 621 557 691 in
576 630 707 715 arguto
725 642 827 718 saepc
845 633 994 719 reperta
1007 621 1100 696 foro.
1205 630 1252 698 80

206 734 368 808 Subdita
384 736 462 831 qud
480 733 637 807 Veneris
655 733 754 807 facto
771 734 820 808 de
838 760 1024 811 marmore
1041 739 1186 836 templo

253 849 398 948 Appias
417 849 608 946 expressis
625 850 711 923 aiira
728 850 854 947 pulsat
871 853 992 949 aquis.

205 962 275 1037 Illo
293 985 395 1063 saepe
413 965 496 1038 loco
513 964 660 1062 capitur
677 964 871 1039 consultus
889 965 1037 1040 Amori:

254 1078 406 1176 Quique
425 1079 507 1153 aliis
524 1078 635 1165 cavit,
655 1102 729 1151 non
744 1088 853 1153 cavet
870 1080 952 1178 ipse
969 1082 1056 1156 sibi.

204 1194 274 1268 lllo
291 1219 393 1293 saepe
410 1195 493 1269 loco
510 1195 649 1270 desunt
665 1195 734 1268 sua
749 1196 865 1270 verba
879 1196 1037 1272 diserto:
1176 1198 1179 1203 “
1200 1204 1248 1274 85

254 1310 410 1407 Resque
427 1335 532 1384 novae
543 1310 709 1397 veniunt,
725 1335 937 1410 caussaque
950 1314 1166 1410 agendasui
1176 1326 1245 1390 est.

203 1424 315 1499 Hunc
333 1425 463 1500 Venus
480 1449 503 1498 e
520 1426 671 1524 templis
689 1451 774 1523 quae
792 1437 880 1501 sunt
896 1428 1059 1503 confinia
1073 1429 1185 1504 ridet.

253 1539 327 1625 Qui
345 1542 457 1615 modo
475 1552 667 1639 patronus,
686 1565 785 1614 nunc
802 1542 908 1641 cupit
924 1566 1010 1617 esse
1026 1543 1158 1618 cliens.

205 1656 281 1729 Sed
299 1667 340 1731 tu
358 1659 548 1756 praecipue
566 1657 688 1731 curvis
705 1681 841 1731 venare
858 1658 1027 1732 theatris.

251 1769 346 1846 Haec
364 1773 448 1846 loca
464 1782 552 1846 sunt
567 1782 655 1845 voto
671 1769 849 1846 fertiliora
865 1783 943 1847 tuo.
1197 1781 1247 1850 90

202 1885 284 1959 Illic
303 1887 481 1972 invenies
501 1886 604 1984 quod
622 1910 738 1973 arnse,
758 1887 859 1984 quod
878 1887 1007 1963 ludere
1024 1889 1162 1987 possis,

251 2000 440 2100 Quodque
458 2004 575 2076 semel
593 2015 739 2100 tangas,
759 2004 938 2101 quodque
956 2016 1084 2078 tenere
1102 2005 1208 2079 velis.

204 2115 258 2190 Ut
274 2118 371 2191 redit
381 2118 485 2216 itque
496 2117 672 2216 frequens
687 2120 840 2215 longum
853 2119 1009 2205 formica
1018 2144 1086 2219 per
1095 2143 1245 2216 agmen,

251 2232 448 2307 Granifero
467 2235 618 2308 solitum
636 2258 723 2309 cum
741 2236 843 2308 vehit
859 2258 923 2309 ore
940 2236 1086 2324 cibum;

195 2400 197 2406 ι
231 2437 271 2486 80.
287 2437 401 2502 Arguta]
419 2437 537 2495 Clamoso,
554 2452 597 2487 seu
614 2434 698 2493 vocali,
749 2437 797 2485 loro
807 2434 1091 2493 Montennrio‚ubiedes
1109 2435 1248 2503 Principum

199 2510 304 2577 explicet
315 2511 409 2560 Douzs.
748 2510 911 2560 Sabellomm:
934 2509 1014 2567 Balbi,
1032 2509 1102 2559 sedes
1122 2509 1247 2569 incertiur;

230 2586 271 2633 81.
290 2584 386 2633 Subdita
406 2585 451 2648 qud
471 2584 581 2648 Veneria]
613 2585 697 2633 Forum
748 2584 790 2633 sed
802 2584 872 2648 justa
888 2584 984 2633 Circum
1003 2583 1149 2632 Pleminium
1166 2583 1247 2640 fuine,

151 2716 154 2720 Α
198 2657 300 2706 casaris
321 2657 442 2722 intelligit,
463 2657 488 2705 in
514 2672 561 2720 qno
582 2657 698 2722 templum
747 2666 804 2706 sunt
821 2657 864 2722 qui
877 2658 1022 2707 existiment.
1055 2657 1143 2722 Agitur
1161 2657 1201 2708 hic
1217 2658 1247 2708 de

198 2731 297 2782 Veneris
323 2733 457 2783 Genetricis
476 2731 530 2786 fuit,
552 2730 617 2795 quod
644 2733 694 2796 ipse
745 2732 897 2796 Pompeiano.
929 2731 1019 2780 Arsin.
1122 2770 1125 2775 ,

196 2807 399 2864 Cesarextrurit,
418 2816 498 2854 votum
514 2805 578 2854 bello
594 2805 694 2855 Pharsa-
776 2805 819 2852 91.
833 2804 1012 2868 Οιωάἱιιάενο]
1039 2803 1155 2852 Francius
1168 2804 1244 2853 male·

196 2880 250 2930 lico.
284 2882 345 2930 Item
366 2897 430 2946 aqua
449 2880 537 2947 Appia,
558 2895 630 2944 quarn
656 2880 694 2928 hic
744 2878 946 2941 batquoluders.
959 2880 1073 2926 tudertin
1087 2879 1170 2938 putta
1186 2875 1247 2927 dixit

198 2955 302 3016 Appiaria
312 2955 478 3018 Patronynrica
495 2955 568 3003 forma
582 2953 695 3018 appellat.
746 2952 853 3016 Propert.
870 2951 897 2999 ii.
914 2968 965 3001 ver.
983 2953 1008 2999 4.
1024 2950 1068 3000 sed
1085 2951 1154 3000 nulla
1168 2959 1246 3000 muta·

196 3027 338 3077 Mrcrnnus.
356 3027 413 3076 Vid.
424 3028 478 3077 infr.
490 3028 534 3077 lib.
547 3027 583 3076 iii.
595 3029 653 3076 451.
670 3035 695 3076 et
745 3024 808 3073 tione
820 3041 889 3090 opus.
901 3025 958 3074 infr.
969 3041 1031 3074 vers.
1043 3025 1103 3073 64³.

198 3100 300 3150 Remed.
312 3102 369 3149 660.
780 3098 873 3156 Ludite,
884 3102 903 3147 si
910 3102 998 3161 sapitis,
1010 3100 1067 3147 solas
1077 3101 1171 3160 impune
1182 3100 1247 3159 psel-

229 3175 270 3222 82.
291 3174 429 3238 Buprasiu]
460 3174 557 3237 Propria
572 3173 596 3221 in
614 3174 658 3222 hac
672 3190 696 3222 re
813 3174 854 3220 lus.
1121 3172 1215 3220 Buux.

197 3264 253 3304 vox,
274 3264 328 3296 cunr
348 3264 411 3312 aqua
428 3264 469 3312 per
486 3247 576 3296 fistulas
591 3247 695 3296 ducitur.
779 3246 820 3294 92.
840 3247 949 3309 Quodque
964 3244 1062 3308 tenere]
1086 3244 1149 3294 Puto
1165 3245 1248 3309 vulga·

199 3319 287 3368 Buuu.
748 3329 796 3369 tam
805 3327 925 3383 prestare,
937 3327 961 3367 et
971 3318 1034 3366 hunc
1043 3317 1131 3366 hahere
1138 3334 1249 3379 sensum

192 3435 194 3440 ,
229 3393 609 3455 83.Οαρίιιινοοηιιιὶὶιιεαηιονε.]
629 3394 696 3440 Amo·
746 3395 772 3440 in
791 3391 891 3441 theatris
908 3390 1011 3456 duplicis
1027 3389 1122 3454 generis
1136 3389 1249 3441 mulieres

194 3469 227 3513 ris
238 3464 376 3514 vetustiores
391 3466 453 3513 libri.
489 3466 560 3528 Lege,
573 3469 659 3521 Amori,
672 3465 697 3513 id
747 3465 843 3522 offendi,
855 3475 879 3514 et
890 3481 950 3529 quas
960 3463 1018 3512 velis
1027 3463 1101 3511 semel
1112 3463 1247 3513 rnodoten·

196 3548 240 3596 est,
261 3537 384 3603 Cupidini.
421 3539 603 3602 Conntltus‘pro
624 3539 695 3603 juris·
746 3555 810 3602 gere,
823 3538 909 3587 deinde
920 3539 1004 3586 iterum
1021 3539 1105 3586 missas
1121 3537 1248 3595 facere,nt

196 3612 311 3661 consulto.
345 3611 434 3660 llarus.
746 3622 801 3660 sunt
812 3611 927 3660 libertina
938 3622 963 3660 et
972 3610 1248 3678 meretricesnedpm·

229 3687 269 3734 89.
281 3685 363 3733 Curris
375 3686 583 3747 vena-retlrantria]
606 3686 638 3732 Ut
648 3686 695 3733 duo
746 3693 810 3733 terea
830 3684 934 3750 reperiri,
955 3698 1014 3749 quas
1033 3691 1171 3733 constanter
1189 3685 1250 3734 velis

196 3760 279 3807 &run
292 3758 474 3823 amphitheatra,
483 3766 602 3807 castrense
612 3758 663 3806 scil.
671 3769 695 3806 et
745 3775 833 3816 amare,
844 3770 868 3807 et
879 3759 965 3824 quibus
974 3757 1052 3807 dicere
1063 3760 1147 3823 possis,
1156 3771 1183 3808 tu
1193 3763 1249 3810 miti

195 3831 342 3887 Flavianum,
362 3832 434 3895 vulgo
454 3830 597 3880 Colossaeunr
617 3840 693 3893 (nunc
744 3834 882 3895 solaphces.
914 3833 1003 3880 Burin.

197 3907 216 3952 le
235 3905 341 3964 coiisse.)
352 3905 385 3952 sic
402 3915 426 3953 et
444 3905 488 3953 tria
503 3903 596 3952 theatra
612 3920 693 3970 peren·
777 3907 818 3954 ol.
831 3906 947 3968 Solitum]
968 3905 1070 3952 Solidum
1087 3906 1209 3957 Orouion.
1224 3914 1249 3956 et

196 3989 289 4035 nerunt,
309 3996 361 4042 quur
383 3981 481 4041 Pompeii
502 3980 605 4035 fuerunt,
627 3979 692 4026 Mur-
745 3982 847 4044 quinque
867 3979 914 4028 alii.
933 3977 996 4042 quod
1015 3979 1075 4027 forte
1092 3988 1202 4040 rectum
1223 3989 1250 4030 ut

195 4054 248 4100 catti
258 4062 282 4100 et
294 4052 369 4102 Bulbi.
394 4054 520 4102 Theatrum
533 4063 612 4102 autern
623 4054 692 4101 Porn-
744 4050 1250 4116 intelligatgrananoudumtritaautcom-

196 4124 242 4188 peii
255 4125 279 4172 in
291 4126 381 4191 Campo
394 4127 477 4182 Flora,
490 4126 530 4175 ubi
549 4143 611 4175 nunc
629 4127 692 4176 ardes
744 4128 834 4178 minuta
845 4126 869 4174 in
880 4127 936 4195 pila.
970 4126 1061 4176 Eunu.

199 4197 290 4246 Ducum
303 4200 448 4258 Ursiuorum,
459 4200 518 4248 fuit:
537 4201 657 4257 Marcelli,
668 4202 691 4250 in
