2896 4980
227 317 294 383 84⁰
347 380 357 397 ,

326 418 434 463 aas,
725 446 817 473 ,Ἢ
840 456 882 477 ,η
900 442 971 479 ·.-..›

234 490 321 566 Non
339 513 429 564 acus
447 489 608 588 abrupit,
627 511 702 561 non
719 488 838 562 vallus
855 488 1031 587 pectinis,
1049 488 1154 564 illos:
1224 492 1264 563 16

284 605 463 680 Ornatrix
479 615 562 678 tuto
578 627 734 703 corpore
752 628 903 703 semper
918 616 1012 679 erat.

233 722 332 796 Ante
351 746 454 795 meos
472 746 574 819 aaepe
591 732 651 795 est
666 722 797 794 oculus
815 732 967 809 omata;
997 744 1070 795 nec
1086 742 1256 818 umquam

285 838 448 911 Brachia
464 837 620 934 derepta
637 836 766 909 saucia
782 836 872 909 secit
890 859 974 909 acu.

235 953 346 1052 Saepe
364 953 490 1037 etiam,
509 952 675 1025 nondum
689 951 846 1046 digestis
865 974 975 1024 mane
991 951 1152 1049 capillis,

284 1069 479 1167 Purpureo
492 1067 614 1163 jacuit
630 1066 859 1163 semisupina
875 1077 968 1140 toro.
1222 1070 1265 1139 20

233 1186 330 1259 Tum
341 1183 932 1283 quoqueeratneglectadecens:
954 1180 1265 1257 ut'l'hreciaBac·

285 1302 383 1373 Cum
401 1310 541 1373 temere
559 1300 597 1372 in
615 1300 722 1372 viridi
740 1300 906 1395 gramine
923 1298 1026 1372 lassa
1037 1299 1153 1393 jacet.
1171 1296 1263 1393 [che

235 1418 334 1491 Cum
353 1417 509 1513 graciles
528 1427 655 1491 essent
671 1427 810 1501 tamen,
830 1427 869 1490 et
884 1414 1073 1511 lanuginis
1089 1414 1224 1503 instar3

284 1532 371 1606 Heu
390 1535 489 1606 mala
505 1544 649 1607 vexate
667 1544 811 1630 quanta
825 1533 945 1605 tulere
961 1531 1102 1604 comoel

235 1648 358 1733 Quam
377 1674 417 1721 se
435 1649 676 1746 praebuerunt
692 1648 789 1723 serro
807 1647 993 1745 patienter
1009 1657 1049 1719 et
1065 1643 1163 1742 igni3
1221 1646 1264 1717 25

285 1763 339 1836 Ut
356 1763 463 1837 fieret
479 1775 577 1837 torto
594 1764 838 1837 flexilisorbe
855 1761 979 1835 sinus!

236 1878 469 1964 Clamabam,
491 1879 624 1951 Scelus
642 1889 713 1964 est,
728 1879 820 1951 istos
838 1877 962 1949 scelus
981 1897 1089 1949 urere
1106 1874 1235 1949 crines.

72 2008 98 2031 ··'
287 1993 431 2090 Sponte
448 1995 605 2068 decent:
633 1995 761 2093 capiti,
780 1994 909 2093 ferrea,
929 2015 1042 2090 parce
1059 2002 1137 2064 tuo.

234 2106 321 2181 Vim
339 2110 468 2206 procul
486 2109 573 2182 hinc
591 2134 751 2184 remove.
780 2135 855 2183 non
872 2120 931 2182 est
948 2108 1013 2206 qui
1031 2108 1170 2181 debeat
1186 2103 1256 2193 uri;

285 2221 420 2297 Erudit
437 2225 606 2298 admotas
624 2227 705 2325 ipse
723 2228 880 2326 capillus
898 2248 1001 2298 acue.
1223 2224 1265 2296 30

236 2338 424 2412 Formosae
442 2341 585 2439 periere
603 2367 741 2418 comae:
771 2368 865 2441 quas
881 2341 994 2416 vellet
1010 2340 1161 2441 Apollo,

286 2453 391 2539 Quas
408 2457 521 2530 vellet
538 2460 651 2556 capiti
672 2460 846 2535 Bacchus
864 2459 988 2533 inesse
1005 2481 1088 2530 suo.

270 2594 308 2642 16.
327 2595 438 2643 Ornatrix
450 2605 500 2643 tato
509 2597 622 2660 corpora]
636 2598 728 2663 Vulga-
783 2600 882 2647 Pooeent
898 2597 950 2645 hec
965 2595 1029 2660 capi,
1040 2602 1068 2644 ut
1085 2592 1157 2643 modo
1168 2591 1268 2646 dirim.

235 2668 417 2733 macripturari
434 2667 603 2726 remanducat,
614 2671 729 2721 iainar-
781 2671 810 2721 de
824 2672 919 2721 domina
929 2686 976 2718 uon
986 2668 1059 2718 solita
1075 2666 1160 2717 ravim
1173 2666 1199 2715 in
1209 2680 1268 2715 aru·

234 2743 349 2805 protunda
378 2743 437 2792 lorte
463 2743 520 2803 erit3
553 2745 652 2808 capillos
677 2747 731 2795 illos
781 2747 873 2801 tricem,
884 2744 927 2793 sed
937 2745 995 2808 quia
1005 2743 1045 2791 hic
1055 2739 1268 2805 daeomtss'h»

234 2815 305 2864 raiae
314 2823 362 2864 tam
372 2815 469 2872 dociles,
479 2828 505 2865 nt
517 2832 646 2880 numquam
656 2819 730 2869 domi-
780 2820 823 2867 sed
834 2820 864 2867 de
874 2818 1014 2883 capillorum
1024 2815 1129 2880 ingenio,
1139 2830 1195 2880 qua
1203 2823 1268 2863 tntu

235 2903 290 2935 nam
310 2889 340 2937 ad
357 2889 415 2937 iram
429 2891 614 2955 provocaverint,
631 2908 694 2957 qnae,
711 2894 731 2941 si
782 2893 921 2941 ornatricem
944 2891 1099 2957 pruriebant,
1119 2906 1175 2939 aaut
1193 2892 1268 2939 dim

235 2959 311 3010 crinea
323 2962 410 3011 nollent
423 2973 505 3028 sponte
516 2964 601 3022 ornari,
612 2966 654 3014 sed
669 2982 731 3032 sape
782 2975 860 3030 posset
878 2966 913 3014 ita
922 2964 986 3030 capi,
996 2975 1023 3013 ut
1041 2978 1182 3028 nunquan,
1191 2978 1222 3013 ne
1234 2976 1269 3027 ptr

235 3035 366 3084 resolvendi
388 3048 474 3095 essent.
496 3039 533 3088 vel
558 3048 730 3105 rumperentur,
781 3039 962 3103 imprudentiam
974 3037 1074 3101 quidem
1089 3036 1269 3093 muamu-

236 3107 260 3156 in
287 3110 425 3159 ornatricem
450 3113 572 3163 seviebat.
606 3114 732 3163 Bonitas·
782 3129 827 3161 nus
844 3114 972 3168 aberraret,
988 3119 1014 3159 et
1030 3126 1110 3167 acum,
1128 3126 1179 3175 qua
1193 3108 1269 3175 ψ

531 315 569 379 Ρ.
597 312 760 381 OVIDH
782 313 995 381 NASONIS

237 3196 292 3229 uus.
325 3182 388 3230 Rem
403 3200 490 3243 amare,
502 3195 528 3235 ut
544 3187 611 3243 solet,
622 3188 680 3237 Juv.
691 3186 733 3236 de·

236 3254 325 3312 scribit,
335 3256 387 3305 Sat.
398 3257 431 3306 vi.
441 3261 499 3308 490.

273 3328 376 3389 Dirporrit
392 3335 486 3387 crinem,
506 3336 612 3383 laceratis
628 3338 677 3397 ipra
695 3351 733 3383 ra·

299 3401 372 3459 pillis,

272 3470 342 3519 Nuda
352 3474 451 3523 humeros
462 3477 541 3527 Psecas
550 3478 640 3542 inseiis,
653 3482 732 3527 nudis·

300 3562 342 3607 qua
352 3550 465 3596 mamillis.

269 3620 345 3667 Altior
357 3622 393 3670 iric
404 3639 473 3684 quara
489 3625 626 3684 cincinnus?
644 3626 733 3675 Taurea

299 3697 369 3755 punit

269 3769 446 3834 fontinuoflcri
456 3774 540 3819 cumen
544 3771 684 3837 facinusque
694 3791 731 3822 ca·

298 3844 362 3904 pilli.

270 3917 333 3971 err‘d
353 3918 432 3967 Procas
451 3918 557 3967 adarim?
580 3935 680 3981 plattam
700 3932 732 3969 ert

298 3992 412 4053 hirruipa
423 3994 513 4054 puella,
611 4040 614 4047 ,

268 4064 292 4111 Si
301 4066 341 4112 tior·
350 4068 467 4127 dupliauit
476 4067 560 4115 nonas?
576 4064 621 4112 &m
639 4066 729 4116 Autan.

267 4139 305 4188 18.
315 4138 414 4188 Brachia
423 4143 511 4204 direpta
519 4138 730 4204 tauciafecitatm]

783 3186 859 3234 crines
876 3185 901 3233 in
919 3184 1020 3233 annulos
1029 3193 1056 3233 et
1066 3182 1190 3233 cincinnus
1198 3184 1268 3235 lim

784 3258 883 3322 dirigere
894 3257 918 3305 in
928 3256 1137 3306 brachiadominre
1148 3264 1231 3321 ponat
1239 3254 1268 3303 la·

783 3341 832 3381 teor
849 3347 904 3380 vero
922 3330 974 3378 haro
990 3330 1095 3381 nondum
1113 3329 1145 3379 ad
1162 3328 1267 3395 liquidnm

783 3406 904 3470 perducta.
925 3420 1005 3469 neque
1031 3403 1091 3453 milri
1114 3403 1165 3469 ipae
1187 3400 1267 3453 ntida-

782 3478 827 3527 cio.
859 3479 948 3526 Banu.

814 3552 856 3600 27.
876 3550 1031 3614 clamabam]
1050 3546 1265 3616 Pensa-cmlvi.

784 3625 838 3674 laico
855 3627 893 3674 iili
912 3627 1012 3688 quotidie
1039 3626 1123 3673 clama:
1150 3621 1265 3687 Pri-igar

782 3703 848 3748 oraria
857 3701 920 3755 milri,
931 3701 1044 3764 priuauit
1059 3701 1135 3757 ἀίωίι,
1147 3700 1188 3747 titt
1201 3696 1264 3747 hir.

781 3773 824 3822 ubi
835 3773 888 3822 vide
899 3780 989 3821 notate.
1021 3773 1112 3821 Bunrr.

814 3849 856 3896 29.
876 3847 928 3895 Nau
938 3846 994 3910 ert]
1013 3845 1112 3895 Scilicet
1124 3836 1262 3911 capiti-at

782 3921 851 3986 quis:
869 3917 1116 3969 omnesenimdecori
1124 3924 1187 3967 aaut.
1212 3912 1260 3961 ffl-

782 4011 848 4043 nrua.
881 3992 957 4043 atala.
975 3993 1048 4058 plena
1063 3991 1152 4041 locutio
1164 3998 1206 4046 ui,
1220 3998 1259 4035 ΙΙ

781 4078 817 4117 est
828 4070 847 4118 ia
857 4067 966 4133 capillus,
977 4067 1115 4133 quidelm
1129 4052 1258 4115 atrii-d

781 4142 855 4208 Epist.
866 4156 908 4193 xx·
919 4141 961 4191 ⁴9.

1117 4672 1121 4679 .
1165 4662 1177 4677 a
1199 4292 1315 4680 a]
