2904 4994
434 380 695 452 Ennomus.
717 383 788 452 ΕΡ.
812 384 876 454 lv.

1130 391 1177 459 49

132 557 254 634 Arcus
270 559 329 657 (et
345 577 453 632 arma¹
464 568 541 633 tuae
556 560 626 636 tibi
643 569 732 633 sunt
748 560 929 636 imitanda
945 560 1111 660 Diuum)
1141 619 1145 631 .

183 672 226 748 si
243 697 449 773 numquam
466 697 595 750 cesses
610 675 779 765 tendere,
797 677 919 752 mollis
937 678 1021 753 erit.

135 791 270 867 Clarus
287 803 369 866 erat
385 793 489 868 silvis
501 790 708 892 Cephalus,
722 793 926 892 multaeque
937 817 1005 893 per
1021 795 1180 871 herbam

184 906 448 997 Conciderant,
468 909 531 984 illo
547 910 794 1009 percutiente,
812 907 913 985 ferae.
1251 1000 1253 1003 ¹

134 1022 219 1100 Nec
235 1035 361 1100 tamen
378 1025 533 1102 Aurorae
551 1030 648 1103 male
666 1051 708 1104 se
726 1026 920 1128 praebebat
936 1029 1151 1105 amandum.

183 1139 271 1216 Ibat
287 1142 336 1216 ad
353 1142 453 1216 hunc
471 1143 622 1242 sapiens
640 1167 664 1218 a
680 1168 770 1219 sene
790 1143 887 1218 Diva
901 1143 992 1217 viro.

1128 1149 1177 1219 96

135 1255 247 1355 Saepe
263 1257 335 1332 sub
353 1257 501 1333 ilicibus
518 1258 717 1346 Venerem,
738 1260 957 1359 Cinyraque
972 1270 1151 1348 creatum,

184 1370 371 1449 Sustinuit
387 1373 529 1472 positos
548 1376 728 1474 quaelibet
743 1375 862 1450 herba
877 1376 985 1450 duos.

133 1549 244 1599 Resoluta
260 1552 358 1618 pigriora
378 1569 460 1602 nonore
477 1561 521 1612 est,
539 1553 559 1604 si
575 1570 629 1603 cum

133 1623 182 1672 filio
192 1639 235 1673 suo
244 1639 370 1688 congressa
384 1633 460 1675 mater
470 1627 557 1677 liberos
572 1626 629 1676 inde

131 1696 218 1762 pariat.
235 1698 629 1766 Nametliheriuuiuiqusiisunt,

132 1769 190 1835 qnia
199 1786 229 1820 ex
246 1781 345 1837 utroque
356 1772 440 1837 geniti,
451 1782 476 1823 et
486 1774 569 1824 iratres
583 1776 630 1825 Pa·

131 1841 175 1893 tr‘u
184 1843 222 1895 rai
231 1853 294 1902 sunt,
302 1845 360 1911 quia
368 1847 440 1896 ethic
448 1856 473 1896 et
483 1847 519 1896 illi
530 1848 631 1899 eandem

132 1925 231 1968 matrem
239 1928 377 1984 agnoscunt,
384 1919 488 1988 denique
498 1928 523 1971 et
533 1931 632 1989 nepotes

131 1992 214 2042 matris
233 2007 282 2042 sua
303 2000 366 2051 sunt,
385 1994 444 2060 quia
465 2010 494 2044 ex
513 1994 566 2060 ejus
583 1995 632 2044 filio

132 2066 251 2132 concepti.
278 2067 318 2116 Ita
331 2066 375 2117 illa
388 2076 471 2118 conns
477 2069 519 2134 jus
533 2077 632 2127 natura,

132 2140 282 2190 cumliberos
289 2149 382 2190 tantum
392 2157 474 2206 parere
481 2141 562 2207 possit,
570 2142 633 2208 parit

132 2212 206 2263 etiam
216 2223 323 2280 nepotes.
335 2230 383 2264 non
393 2214 536 2264 dubitabunt
546 2215 576 2264 de
587 2215 633 2265 hac

131 2283 244 2344 lectione,
251 2287 293 2352 qui
300 2288 433 2338 statianum
443 2287 539 2352 genium
544 2287 633 2338 intelli·

132 2369 202 2424 μοι.
219 2377 274 2412 narn
290 2373 314 2412 et
330 2363 481 2412 confirmatur
499 2378 529 2412 ex
546 2364 633 2414 Senec.

133 2434 217 2502 OEdip.
229 2437 299 2485 1940.
311 2445 337 2486 et
350 2453 421 2502 seqq.
437 2435 501 2486 idem
517 2454 541 2487 v.
554 2437 632 2487 Theb.

133 2508 191 2559 475.
209 2508 296 2559 ΝΜ
306 2513 344 2559 ori
354 2527 443 2560 renone.
476 2511 567 2561 Herus.

165 2583 209 2633 9⁴.
227 2582 402 2648 amanam]
414 2585 484 2635 Alter
493 2584 583 2635 Mureti
593 2587 632 2635 irr-

132 2658 247 2707 eidcrssrt.
277 2674 340 2708 anas
368 2659 462 2709 Heinsii
494 2663 631 2710 eseimrarit.

133 2729 239 2796 proxime
249 2729 280 2780 ad
290 2747 371 2783 veram
385 2731 520 2790 lectionem,
531 2749 585 2799 quae
596 2741 633 2783 est

133 2802 159 2855 in
171 2804 314 2855 lovaniensi
327 2805 419 2863 codice,
430 2809 570 2856 ὀιοίάιταιιε.
583 2808 632 2858 ele·

133 2886 225 2944 genter.
236 2878 272 2928 ita
281 2879 371 2930 Statius
383 2880 435 2929 viii.
442 2881 520 2930 lbeb.
534 2883 590 2931 124.

169 2953 201 3004 Ut
211 2953 258 3002 Lso
268 2954 373 3018 Massyli,
383 2973 435 3004 cum
449 2957 490 3004 lun
499 2959 560 3005 stetit
571 2959 633 3006 obvio

190 3026 265 3093 ferri,

167 3100 363 3159 Τιπείωηιιω
376 3118 440 3152 orm
452 3104 526 3162 eitat3
543 3103 633 3153 nam-

198 3177 234 3224 rllt
243 3177 318 3234 hstis,

165 3246 206 3298 Ira
222 3265 288 3312 super
304 3251 359 3299 sotis
376 3260 416 3307 est,
431 3253 542 3314 situmque
559 3252 632 3300 relin-

197 3339 264 3386 quere
274 3324 341 3373 oleta

133 3394 203 3446 Idem
213 3396 258 3447 lib.
268 3397 303 3447 ix.
316 3399 374 3449 75⁶.

199 3469 285 3519 Fannii
295 3473 363 3520 mnes
370 3473 486 3536 proloprus
495 3474 521 3521 ln
532 3471 598 3522 Idam

135 3616 264 3669 Claudiam
273 3619 369 3670 Prat'at.
377 3619 431 3669 i.in
441 3619 502 3669 Rus.

168 3692 260 3743 Pbobso
273 3695 369 3743 mnibus
380 3694 472 3759 Pytlorr
482 3712 534 3745 curri
548 3698 634 3745 odda

199 3782 275 3816 orco.
328 3808 331 3813 .

135 3839 168 3889 Et
175 3837 212 3900 lta
220 3855 284 3905 sepe
294 3842 323 3891 τὸ
332 3841 546 3909 reddtoecuparit
556 3842 635 3891 locum

134 3919 180 3966 τοῦ
194 3917 288 3965 decidit.
302 3934 326 3967 v.
335 3916 366 3966 ad
381 3935 406 3966 1.
417 3919 482 3967 Met.
497 3919 536 3967 10.
547 3927 572 3967 et
588 3917 637 3967 xiv.

135 3988 193 4039 806.
205 3988 240 4038 sic
250 3995 275 4038 et
284 3991 380 4052 deiicere
388 3990 508 4056 proprium
518 3990 544 4040 in
553 3990 599 4041 hac
609 4006 635 4040 re

134 4063 234 4113 terbum
244 4061 332 4113 Claud.
343 4062 371 4114 ii.
382 4064 457 4130 llapt.
470 4065 537 4114 Pros.
548 4067 590 4115 99.

678 1553 850 1604 V.adeiedr.
861 1552 889 1603 ii.
900 1550 1047 1605 nervom.
1055 1553 1086 1603 sd
1094 1553 1177 1605 vuer.

678 1629 749 1678 Max.
765 1628 800 1678 iv.
815 1647 840 1679 v.
855 1629 879 1678 1.
893 1627 978 1678 eadem
992 1631 1065 1678 verba
1077 1630 1181 1678 decidere

679 1714 705 1754 at
716 1707 810 1766 dejlcm
821 1704 852 1753 de
871 1702 980 1753 victimis
989 1703 1099 1753 mactatis
1114 1720 1178 1773 sape

679 1786 814 1827 occurrunt.
822 1786 849 1826 ut
864 1775 895 1825 ad
909 1777 994 1826 Valet.
1008 1776 1075 1826 Flac.
1088 1776 1107 1826 i.
1121 1778 1178 1827 191.

680 1852 824 1902 notabimus.
854 1851 999 1902 Prudentius
1017 1859 1098 1901 tamen
1118 1851 1179 1918 Psy-

681 1925 760 1975 chom.
789 1928 847 1976 5³9.
880 1923 942 1973 dixit
970 1927 1069 1974 coneidit
1095 1927 1178 1976 Achai.

682 1999 790 2050 similiter
813 2002 928 2049 concidere
948 2008 973 2048 et
993 2000 1102 2058 dsddere,
1125 2016 1179 2066 per·

681 2081 775 2187 sputaut
790 2073 845 2124 libri
865 2072 947 2139 scripti
972 2073 1000 2123 ii.
1024 2070 1098 2124 Trist.
1120 2074 1179 2125 ³17.

707 2155 774 2188 usn.

714 2213 756 2263 96.
773 2211 889 2276 Septem]
902 2211 1008 2278 Priapej.
1019 2228 1068 2262 oar.
1079 2211 1122 2262 vii.

747 2285 865 2334 Nimirum
874 2290 967 2350 sopiunt
975 2297 1093 2336 motem.

682 2359 758 2426 Epist.
770 2360 826 2409 xvii.
834 2362 891 2410 275.
1022 2411 1025 2415 .

746 2445 892 2484 -utstur
900 2437 919 2484 si
927 2451 971 2498 quo
978 2435 1058 2497 pirella
1067 2438 1134 2498 sopit.

683 2507 728 2557 Pro
744 2529 760 2557 o
773 2511 870 2566 stands
887 2508 976 2557 habent
994 2506 1102 2557 Francos.
1117 2509 1180 2557 Scri·

682 2582 791 2632 verianus
806 2592 831 2632 et
842 2582 946 2647 quinque
963 2580 1013 2629 alii.
1027 2581 1070 2638 sic,
1081 2583 1110 2630 de
1126 2599 1181 2631 eori-

682 2657 856 2722 spectufugere,
867 2655 982 2704 Phaedrus
992 2655 1035 2704 lib.
1042 2655 1060 2705 i.
1071 2656 1132 2706 Feb.
1141 2657 1188 2711 17.,

682 2729 911 2780 ubirideScbeffer.
944 2730 1035 2779 Bonis.

717 2805 847 2868 Cinyraque
863 2805 988 2868 meatum]
1011 2805 1121 2856 Adonem
1139 2807 1180 2858 Ci-

682 2895 747 2946 nyra
774 2879 848 2927 filium
875 2894 905 2927 ex
932 2879 1032 2944 Myrrha
1055 2880 1186 2944 significat,

683 2969 754 3018 quem
765 2954 847 3003 Venus
855 2969 945 3002 amasse
956 2953 1068 3002 traditur:
1086 2971 1181 3020 percus·

683 3044 723 3077 sus
739 3043 795 3093 apro
811 3026 909 3076 interiit.
943 3025 1007 3077 Vide
1017 3028 1092 3077 Ovid.
1100 3028 1143 3078 lib.
1154 3047 1179 3079 v.

682 3102 785 3151 Metam.
818 3101 886 3150 Aur.

715 3177 757 3225 98.
775 3175 890 3224 Mauo
904 3177 1095 3239 positospuaelibst
1113 3177 1181 3225 berlin

683 3250 759 3313 dison]
783 3249 877 3308 Malim,
898 3249 919 3298 si
944 3267 987 3316 per
1009 3249 1081 3300 libros
1101 3251 1182 3309 licem,

683 3327 819 3390 quamtibst5
837 3337 864 3373 ut
879 3324 986 3391 Epistola
996 3325 1114 3375 Canaces:

719 3399 827 3463 Urnaque
836 3416 875 3449 sios
887 3401 968 3448 babeot
977 3402 1098 3463 praelim
1115 3411 1183 3450 arcta

747 3476 813 3524 duos.

684 3549 757 3598 Plura
766 3549 797 3598 de
807 3550 852 3598 hoc
868 3548 982 3612 loquendi
995 3549 1065 3598 modo
1074 3565 1129 3598 mox
1140 3566 1181 3599 no·

684 3612 787 3671 tabimus
802 3623 848 3688 Ep.
865 3622 903 3670 ri.¹
915 3623 1048 3672 Herusrus.
1081 3624 1132 3687 Ego
1148 3623 1182 3672 nil

684 3704 783 3744 nutem.
802 3698 914 3759 quelibet,
930 3705 967 3745 est
982 3696 1053 3745 obvia
1070 3711 1181 3760 quoque,

683 3770 740 3820 licet
755 3769 867 3819 vilissima
883 3779 908 3818 et
924 3785 971 3819 non
987 3770 1098 3819 delicata.
1109 3769 1181 3817 etiam

684 3861 789 3910 gramm
806 3853 832 3894 ut
848 3844 956 3893 solebant
973 3860 1026 3893 iaso
1041 3842 1142 3909 simplici
1158 3851 1184 3892 et

680 3934 760 3968 aureo
792 3917 1030 3984 proprietariis.

719 3992 751 4041 Et
760 3995 808 4041 risis
815 4009 849 4040 sris
858 4001 923 4040 serito
931 3991 1029 4053 quolibet
1037 3993 1071 4038 ire
1078 4006 1157 4052 poros.

685 4065 780 4114 Patron.
793 4065 850 4112 127.
883 4063 915 4112 Io
927 4064 967 4112 boo
981 4065 1086 4128 grossius
1094 4066 1183 4126 pariter

168 4135 338 4203 Tsrgssrisipus
346 4139 411 4188 ducis
425 4154 549 4189 numerosos
558 4142 637 4204 dq'icis
685 4140 806 4202 compositi.
815 4135 874 4186 vid.
884 4135 962 4203 Epist.
973 4153 997 4186 v.
1007 4137 1046 4188 14.
1079 4137 1168 4188 Bostar.

200 4219 277 4262 m
