2896 4980
216 300 283 367 ΒΜ
509 300 548 363 Ρ.
572 296 733 366 OVIDII
758 295 970 363 NASONIS

219 472 326 558 Quis,
338 473 409 546 nisi
419 474 477 547 vel
495 473 615 558 miles,
627 473 683 546 vel
703 495 845 555 amans,
857 481 896 543 et
908 469 1046 565 frigora
1062 465 1250 552 noctis,15

269 586 319 661 Et
335 588 453 661 denso
471 589 609 661 mixtas
627 586 789 685 perserct
807 585 924 658 imbre
943 582 1071 656 nives?

218 701 383 777 Mittitur
401 703 555 776 insestos
574 702 668 775 alter
686 702 900 800 speculator
919 701 955 773 in
974 701 1119 773 hostes:

270 817 316 891 In
333 819 446 893 rivale
463 820 593 892 oculos
612 818 716 901 alter,
737 830 779 892 ut
796 817 916 899 hoste,
934 825 1050 889 tenet.

216 933 285 1008 Ille
303 958 434 1029 graves
452 935 577 1019 urbes,
597 934 657 1005 hic
675 933 777 1005 durae
797 933 911 1004 limen
928 928 1059 1002 amicae

267 1048 449 1125 Obsidet:
478 1051 539 1123 hic
557 1060 683 1146 portas
701 1047 850 1143 frangit,
870 1058 909 1120 at
926 1045 989 1117 ille
1006 1042 1117 1117 fores.
1203 1044 1249 1111 20

217 1166 329 1263 Saepe
346 1177 539 1263 soporatos
558 1164 732 1237 invadere
750 1161 888 1260 profuit
905 1161 1055 1245 hostes;

265 1281 423 1354 Caedere
440 1291 479 1354 et
496 1280 638 1354 armate
655 1279 789 1375 vulgus
807 1278 948 1353 inerme
965 1299 1091 1349 manu.

217 1397 280 1470 Sic
297 1396 376 1471 sera
392 1395 554 1470 Threicii
573 1396 790 1469 ceciderunt
808 1395 958 1491 agmina
976 1390 1117 1465 Rhesi:

265 1512 315 1587 Et
332 1513 524 1587 dominum
542 1512 643 1610 capti
661 1512 880 1586 deseruistis
898 1509 1000 1607 equi.

217 1628 328 1725 Saepe
347 1628 564 1700 maritorum
583 1628 723 1702 somnis
742 1638 896 1700 utuntur
913 1634 1104 1709 amantes;
1204 1622 1249 1691 25

265 1742 316 1814 Et
333 1766 402 1815 sua
419 1743 553 1840 sopitis
570 1743 741 1816 hostibus
759 1767 862 1816 arma
878 1750 1041 1815 movent.

213 1857 424 1931 Custodum
443 1858 600 1931 transire
618 1883 762 1942 manus,
781 1858 1012 1953 vigilumque
1030 1863 1209 1935 catervas,

261 1970 408 2058 Militis,
429 1985 467 2045 et
484 1974 609 2047 miseri
628 1999 776 2072 semper
794 1973 952 2049 amantis
970 1995 1079 2070 opus.

209 2085 314 2160 Mars
325 2087 474 2173 dubius,
488 2114 557 2161 nec
571 2090 832 2177 certhenus;
853 2089 1019 2185 victique
1034 2092 1244 2180 resurgunt:

256 2200 437 2299 Quosque
457 2227 570 2307 neges
590 2228 768 2301 umquam
785 2229 898 2304 posse
911 2205 1052 2301 jacere,
1072 2200 1220 2275 cadunt.

208 2315 309 2413 Ergo
324 2310 508 2392 desidia'm
526 2320 755 2418 quicumque
773 2321 918 2395 vocavit
936 2341 1116 2403 arnorem,
1199 2316 1240 2385 31

258 2431 428 2506 Desinat.
458 2433 597 2529 ingenii
614 2446 673 2509 est
691 2436 919 2533 experientis
938 2457 1054 2508 amor.

205 2706 292 2764 lem,si
311 2706 369 2771 quid
387 2708 523 2757 novandum
542 2709 642 2767 videtur,
652 2729 703 2774 pos·
755 2713 802 2759 rins
820 2709 932 2774 explicet,
944 2708 969 2756 in
985 2707 1073 2772 quibus
1091 2702 1249 2771 expugmdir

203 2798 279 2838 sunu,
301 2782 365 2845 quod
381 2782 458 2847 ipsum
477 2784 575 2832 verbum
598 2785 704 2851 periculo
755 2784 855 2832 multum
871 2782 980 2830 laborant
993 2779 1091 2837 milites,
1100 2778 1140 2827 vel
1155 2778 1180 2827 in
1194 2790 1248 2843 qu·

204 2863 229 2902 et
240 2854 406 2905 difficultatem
416 2856 573 2921 navigationis
582 2860 702 2926 exprimit.
754 2874 805 2906 rum
826 2855 948 2905 obsidione
968 2855 1044 2919 molor
1060 2855 1123 2903 inest
1140 2851 1247 2918 grsvitst.

206 2927 287 2976 Valet.
301 2928 487 2978 tricundio.
754 2947 825 2996 quam
846 2930 870 2978 in
891 2928 1016 2979 smttoria.
1040 2927 1083 2976 sed
1103 2942 1184 2993 grenss
1198 2932 1248 2973 su

236 3001 302 3049 Tunc
328 3005 370 3059 ait,
392 3005 521 3052 AEsonidem
541 3009 661 3070 quidquam
682 3017 704 3054 ts
753 3004 838 3052 vicinis
848 3004 923 3051 noxiae
933 3011 958 3052 et
975 3001 1138 3050 imminentes.
1153 3008 1180 3048 ut
1189 2996 1247 3047 Fltr.

266 3076 415 3124 vellerelicto
754 3077 771 3124 i.
783 3080 808 3125 ³.
843 3079 941 3125 Albanos
951 3093 1044 3141 grossus
1059 3076 1175 3137 Populum
1185 3069 1247 3122 dicit.

237 3147 324 3203 Credis,
335 3158 357 3196 st
368 3152 419 3198 ullo
428 3154 480 3212 pati
489 3154 537 3200 sint
550 3163 571 3201 te
581 3154 638 3200 loca.
752 3160 777 3199 et
795 3153 829 3199 ita
847 3151 956 3200 Justinus
973 3156 997 3198 et
1014 3148 1055 3197 alii
1074 3146 1174 3197 centies.
1196 3162 1245 3195 m

578 3227 667 3274 Bonis.
752 3224 917 3288 Regiusdinr.
951 3224 1040 3271 Bonis.
1232 3224 1236 3229 '

235 3293 273 3341 17.
296 3294 584 3360 llllttltnr...spsculotor.]
609 3302 699 3364 Specu-
783 3300 825 3347 to.
854 3298 885 3345 Et
907 3315 957 3354 suo,
977 3297 1024 3346 dte.
1041 3294 1156 3358 insonent]
1184 3292 1246 3343 Ursus

199 3365 266 3424 lator,
288 3366 371 3429 grecis
392 3367 504 3435 ὂωπτὴρ,
521 3380 545 3419 et
564 3370 699 3437 διάηελος,
751 3372 843 3421 lleinsii
863 3372 929 3428 liber,
948 3372 1054 3434 Senaque
1068 3372 1146 3431 wupttts
1163 3368 1195 3416 Et
1208 3382 1245 3415 ιιι

198 3439 315 3488 carnificis
334 3440 436 3490 officium
457 3446 595 3508 peragebat,
613 3447 636 3495 in
653 3448 699 3496 reis
748 3449 824 3508 sortitis
835 3448 931 3493 hostibus
942 3461 1006 3492 arim
1015 3454 1104 3499 nocent,
1114 3439 1214 3491 Ssrrssii
1223 3445 1245 3487 et

198 3515 276 3580 capite
295 3514 414 3563 damnatis
435 3517 590 3567 decollandis.
625 3521 697 3571 Dice.
748 3519 843 3567 ltlorcti.
867 3518 931 3582 quod
949 3517 1024 3564 multo
1044 3515 1176 3582 planiorem
1193 3509 1245 3563 neit

197 3587 462 3654 baturquoqueenstos
477 3593 579 3655 corporis
595 3595 696 3659 impera-
748 3608 858 3651 sensum;
885 3591 964 3639 hostes
986 3604 1071 3654 nempe
1094 3586 1182 3653 sopitos
1199 3584 1244 3635 suis

196 3663 264 3726 torii;
281 3673 305 3712 ct
315 3663 340 3712 in
351 3681 376 3712 re
384 3665 473 3722 navali,
485 3665 514 3713 de
525 3665 575 3723 illo,
587 3669 627 3733 qui
640 3686 696 3734 quo·
747 3664 818 3713 annis
828 3664 912 3713 occidi.
945 3665 1036 3712 Bussr.

196 3739 266 3787 modo
277 3737 503 3788 flectendanavisin
515 3739 697 3805 locispericulo-
779 3740 820 3785 27.
839 3737 966 3800 Transire]
986 3736 1111 3802 Proprium
1127 3735 1153 3785 in
1168 3734 1242 3784 haere

194 3811 234 3868 sis,
254 3813 435 3877 gnbemstorem
462 3813 616 3862 admonebat.
651 3815 697 3864 Pro
747 3814 853 3861 verbum.
885 3812 964 3861 Tacit.
977 3811 1096 3860 xiv-Am.
1109 3812 1151 3859 41.
1184 3808 1242 3857 Νιι

198 3888 343 3947 exploratore,
355 3885 393 3935 hic
404 3886 569 3953 accipiendus.
746 3889 849 3933 cinthius
866 3888 982 3941 transiret,
992 3886 1093 3932 cubiculi
1096 3886 1163 3949 sores
1172 3882 1240 3931 mlu-

225 3958 696 4024 -Utsomnfidemmissiquerqiortnnt
745 3964 823 4017 ‹leret3
852 3963 927 4008 lumen
948 3959 1056 4024 iiy'srrst,
1076 3959 1123 4007 dic.
1147 3958 1241 4005 assito

227 4033 391 4095 Erplcratores.
404 4035 474 4100 Virg.
488 4034 520 4083 xi.
529 4034 586 4083 511.
605 4032 693 4082 Arsin.
745 4037 841 4082 nesciis?
860 4036 967 4082 Transire
976 4034 1051 4081 oculos
1061 4030 1239 4101 hausturus

227 4106 265 4154 19.
285 4105 371 4154 Graves
389 4109 475 4172 urben]
498 4107 565 4157 Male
583 4106 621 4153 hic
641 4108 694 4156 lta-
745 4109 891 4157 colonensis.
911 4108 1100 4157 noninvenuste.
1128 4096 1218 4155 'Bono
