2896 4980
479 374 737 444 HEROIDES.
763 374 833 443 ΕΡ.
857 378 960 444 XIV.
1177 384 1242 450 177

198 547 299 623 Dum
316 552 415 649 petis
433 552 643 650 amplexus,
663 552 861 650 sopitaque
880 553 1034 628 brachia
1044 556 1192 652 jactas3

246 664 351 741 Perre
369 690 502 745 manus
519 667 595 740 telo
612 667 740 740 saucia
755 667 855 741 facta
871 680 937 742 tna
953 678 1023 742 est.
1191 678 1240 745 70

197 781 359 881 Jamque
370 797 527 883 patrem,
540 785 773 882 famulosque
785 785 1121 884 patris,lucemque
1133 788 1241 862 time·

247 899 484 1000 Expulerunt
501 926 650 976 somnos
669 902 749 975 haec
767 925 852 975 mea
868 900 969 973 dicta
986 912 1092 975 tuos:
1122 904 1239 997 [barn.

199 1017 319 1115 Surge
337 1043 419 1115 age,
440 1018 585 1106 Belide,
604 1020 652 1092 de
669 1029 726 1092 tot
742 1017 853 1090 modo
871 1015 1046 1089 fratribus
1063 1042 1181 1093 unus:

247 1131 336 1207 Nox
354 1134 435 1221 tibi,
455 1135 492 1206 ni
510 1158 700 1233 properae,
720 1134 792 1206 ista
809 1132 983 1231 perennis
1002 1133 1083 1206 erit.

197 1245 362 1322 Territus
379 1251 571 1347 exsurgis:
600 1250 697 1346 fugit
713 1251 832 1324 omnis
850 1250 984 1323 inertia
1000 1249 1133 1322 somni.
1194 1252 1242 1322 75

245 1362 422 1464 Adspicis
440 1366 478 1439 in
495 1349 627 1441 timida¹
643 1368 752 1442 sortia
768 1369 844 1443 tela
860 1392 986 1441 manu.

197 1477 387 1564 Qnaerenti
404 1506 588 1569 caussam,
610 1483 711 1556 Dum
729 1508 804 1557 nox
822 1484 921 1569 sinit,
941 1482 1076 1578 effuge,
1095 1481 1187 1554 dixi.

246 1596 350 1670 Dum
368 1622 443 1672 nox
461 1610 541 1673 atra
558 1600 657 1686 sinit,
677 1611 718 1672 tu
735 1600 853 1696 fugis:
883 1601 965 1699 ipsa
981 1621 1116 1672 moror.
1137 1617 1139 1622 ’

153 1748 157 1759 ·
197 1711 312 1788 Mane
330 1726 430 1790 erat:
459 1727 498 1790 et
517 1717 670 1789 Danaus
689 1741 846 1813 generos
863 1740 912 1790 ex
930 1717 1034 1789 caede
1048 1716 1220 1812 jacentes

246 1830 481 1905 Dinumeret.
537 1833 702 1907 Summae
720 1832 884 1906 criminis
903 1856 999 1904 unns
1017 1831 1120 1905 abes
1195 1833 1244 1902 80

199 1944 285 2022 Fert
301 1949 400 2022 male
418 1960 586 2046 cognatae
600 1952 786 2047 jacturam
804 1949 933 2023 mortis
951 1949 990 2021 in
1007 1972 1103 2035 uno;

247 2060 298 2137 Et
315 2064 485 2161 queritur
501 2065 589 2138 facti
608 2066 799 2162 sanguinis
817 2089 902 2138 esse
919 2087 1064 2163 parum.

199 2175 406 2254 Abstrahor
423 2204 446 2254 a
461 2181 591 2280 patriis
608 2181 790 2280 pedibus3
819 2190 1042 2278 raptamque
1060 2177 1206 2276 capillis

247 2293 360 2392 (Haec
378 2297 514 2370 meruit
531 2297 651 2395 pietas
670 2298 839 2396 praemia)
859 2321 986 2372 carcer
1004 2297 1129 2370 habet.

202 2408 356 2485 Scilicet
373 2435 421 2485 ex
440 2412 502 2486 illo
520 2411 543 2485 J
547 2417 684 2488 unonia
701 2426 895 2514 permanet
912 2416 986 2501 ira3
1197 2413 1243 2483 85

233 2524 334 2610 'Quo
351 2527 421 2602 bos
439 2552 487 2601 ex
506 2529 656 2603 homine
675 2542 744 2619 est,
764 2555 812 2606 ex
830 2531 924 2604 bove
943 2528 1042 2602 sacta
1060 2525 1156 2599 Dea.

230 2736 272 2785 ta.
300 2736 445 2800 Expulerunt
461 2739 569 2803 romara]
598 2740 697 2802 Eupole-
746 2741 877 2789 Humerus.
894 2740 933 2786 lta
943 2736 1021 2787 Graci
1037 2735 1161 2800 πράσσειν
1175 2731 1246 2798 αἱμα.

199 2820 255 2860 net
272 2811 417 2861 Putenneua.
433 2813 514 2877 probe.
539 2812 602 2863 Vide
623 2814 699 2862 Notae
746 2812 1039 2878 Euripid.0rest.ii.39.

199 2884 316 2953 esspiet.
328 2885 444 2936 rii-vers.
457 2888 512 2936 166.
530 2888 620 2937 Herus.
780 2889 868 2947 Καεῆς
882 2887 1001 2950 γυναικὸς
1011 2880 1094 2948 οὕνεχ’
1110 2879 1160 2946 αἷμ’
1171 2878 1247 2945 lapd-

229 2959 271 3009 73.
288 2959 364 3026 Surge
374 2977 426 3025 age,
439 2960 529 3016 Belide,
539 2961 598 3023 δια]
616 2961 698 3011 Simile
812 2962 898 3025 Εαμεν.
1125 2957 1215 3004 Eun!-

197 3043 362 3098 ugonemnrn
380 3044 518 3100 persecutus
535 3044 571 3084 ert
586 3034 700 3084 Horatius
781 3037 822 3084 8³.
846 3035 969 3083 Abstrahor
985 3052 1001 3081 a
1017 3035 1101 3095 potr-tie
1117 3029 1245 3094 munitm]

200 3106 297 3158 oneri.
309 3108 353 3158 lib.
364 3108 400 3158 iii.
412 3109 561 3159 Carminum.
579 3110 650 3159 Cror.
748 3109 854 3174 Scaliger
864 3124 945 3157 versus
961 3106 1059 3172 triginta
1076 3114 1176 3171 quantor
1192 3102 1248 3153 hnic

229 3182 267 3232 De
284 3193 318 3232 tot
333 3186 397 3232 mdo
405 3184 526 3249 frutribus
543 3185 627 3248 unua]
646 3185 699 3235 Hoc
749 3184 801 3232 loco
819 3181 908 3232 alienos
924 3192 948 3231 et
964 3181 1012 3231 alio
1023 3179 1157 3230 referendos
1166 3193 1247 3228 ceme-

197 3252 433 3306 hehemietichium
446 3257 508 3307 infra
524 3258 643 3324 positurus
653 3268 699 3308 est.
748 3260 799 3308 bat.
817 3256 965 3307 eedlrustra.
998 3255 1068 3305 Nihil
1081 3253 1248 3304 enimiiecon·

198 3327 270 3380 Cror.
748 3331 1031 3398 venientineantaprius.
1055 3330 1126 3389 Quod
1136 3327 1249 3392 utmagi·

228 3404 271 3453 82.
296 3403 329 3452 Et
348 3407 454 3467 queritur
465 3404 561 3470 factum
581 3410 700 3473 wagrrinis
748 3407 847 3473 liqueat,
869 3406 984 3455 adeuntur
1008 3404 1118 3470 AEechyli
1137 3400 1249 3461 ‘lrlrrdec

197 3492 240 3528 u
254 3478 360 3542 porum]
381 3477 448 3527 Facti
464 3479 637 3544 prestantiores
647 3496 697 3529 orn-
748 3481 832 3531 similis
841 3481 936 3530 omnino
950 3479 1090 3544 argumenti,
1101 3478 1142 3528 nbi
1158 3487 1183 3527 et
1199 3485 1250 3527 tota

197 3566 248 3601 aer.
265 3560 291 3600 et
301 3552 338 3601 ita
348 3551 454 3601 Gronov.
467 3553 498 3602 ad
509 3553 562 3601 Liv.
575 3554 648 3603 xxxii.
659 3556 699 3603 ³7.
749 3555 801 3605 hec
818 3555 861 3603 liis
875 3555 957 3606 sabula
973 3561 1117 3603 recensetur.
1150 3551 1250 3600 Danaus

197 3623 283 3676 Fecere
301 3630 446 3691 mageima,
469 3636 496 3676 ut
506 3628 590 3693 socero
611 3632 699 3686 cedem,
750 3645 835 3695 nempe
849 3628 966 3694 Argornm
985 3629 1040 3677 Rex
1056 3628 1249 3693 Hypermestra

198 3699 261 3767 apud
277 3700 383 3749 livium.
395 3701 479 3751 Cicero
498 3702 541 3751 lib.
553 3705 571 3752 i.
589 3704 634 3770 Ep.
648 3705 698 3753 xiv.
750 3711 817 3769 peter
827 3703 858 3751 eb
868 3701 928 3752 Ione
938 3713 963 3751 et
970 3701 1070 3768 Epapho
1077 3700 1192 3763 originem
1202 3707 1249 3746 tra-

198 3773 229 3823 ed
238 3773 363 3824 Atticum:
383 3775 476 3824 Nihilo
486 3779 609 3826 domenico
619 3781 698 3828 uulne-
750 3777 832 3825 hebet.
849 3777 938 3826 Hrms.

196 3850 230 3897 ἡ
246 3847 345 3914 sectum
371 3851 411 3897 rit.
443 3851 534 3899 Seneca
555 3868 585 3900 ex
605 3851 700 3917 optimis
782 3851 824 3900 86.
843 3846 1101 3913 Επὺουι]ωεα1)ω.]
1120 3844 1250 3909 Regiusde

198 3921 350 3979 membranis,
367 3922 458 3971 Medea
468 3940 493 3973 v.
504 3925 563 3974 99³.
598 3925 641 3973 Nil
658 3929 699 3974 ad·
750 3928 809 3974 tore.
826 3924 870 3973 ita.
904 3919 1115 3974 Juven.vii.197.

197 3995 312 4062 latescere
322 4012 382 4053 reor,
398 3997 553 4062 nonfurtum.
586 3997 700 4048 Phaedrus
783 3999 809 4047 Si
829 3998 934 4046 Fortuna
955 3999 1021 4052 volet,
1039 3995 1084 4057 fier
1104 3995 1132 4041 de
1152 3992 1250 4042 illatore

195 4067 241 4120 lib.
251 4069 289 4120 iii.
301 4070 344 4118 46.
817 4072 911 4120 comat.

228 4170 295 4183 --
308 4143 462 4208 Undefecietr'
473 4155 562 4194 tontum
571 4146 684 4209 corporis?
752 4144 809 4194 Vid.
821 4145 877 4195 infr.
888 4145 907 4192 i.
920 4143 1001 4191 Amor.
1014 4158 1039 4188 x.
1051 4141 1076 4189 6.
1094 4141 1185 4190 Eunu·

198 4218 250 4270 Hoc
264 4227 303 4269 eet
320 4216 387 4267 unde
405 4225 455 4268 tam
470 4222 554 4269 obesus
571 4218 647 4268 lactus
657 4220 701 4267 es?

262 4298 342 4349 VOL.
359 4298 383 4345 Ι.
842 4300 864 4345 N
