2896 4980
475 324 734 393 nnuolnss.
759 324 828 391 ΕΡ.
853 324 976 391 XVII.
1181 323 1247 391 w

204 501 254 579 Et
269 526 372 601 saepe
390 500 559 588 extimui,
578 527 626 576 ne
642 501 697 574 vir
715 524 821 575 meus
840 500 904 574 illa
920 497 1083 574 videret:
1164 524 1167 529 ·

252 618 289 692 N
291 644 341 693 on
358 618 450 692 satis
468 617 625 691 occultis
644 617 853 714 erubuique
870 616 982 689 notis.

202 734 314 834 Saepe
331 734 389 808 vel
408 734 558 829 exiguo,
576 731 635 805 vel
653 731 754 804 nullo
773 755 972 816 murmure,
991 729 1083 817 dixi,
1196 737 1244 805 85

251 849 317 923 Nil
335 850 453 948 pudet
466 849 582 922 bunc.
611 871 681 920 nec
698 871 772 919 vox
790 847 870 919 haec
889 870 974 920 mea
991 846 1085 921 falsa
1101 846 1182 920 fuit.

201 964 304 1040 Orbe
322 988 476 1064 quoque
493 964 531 1036 in
548 986 686 1035 mensae
704 962 777 1058 legi
796 961 867 1034 sub
885 962 1034 1036 nomine
1052 971 1191 1049 nostro,

249 1080 363 1166 Quod
380 1081 544 1155 deductu
561 1103 663 1152 mero
680 1078 789 1153 litera
801 1078 901 1166 fecit,
921 1079 1031 1153 Auo.

203 1195 370 1271 Credere
386 1220 448 1270 me
466 1206 592 1269 tamen
610 1195 680 1267 hoc
699 1194 806 1267 oculo
825 1205 1004 1270 renuente
1022 1198 1167 1293 negavi.

251 1311 326 1388 Hei
337 1313 449 1386 mihi!
473 1314 553 1409 jam
562 1311 689 1397 didici,
703 1311 757 1384 sic
771 1335 923 1409 quoque
936 1337 1047 1410 posse
1061 1312 1175 1410 loqui.
1196 1319 1245 1386 90

202 1426 271 1503 His
289 1453 362 1526 ego
379 1428 583 1529 blanditiis,
603 1428 634 1499 si
652 1437 854 1525 peccatura
869 1426 1036 1514 fuissem,

252 1544 464 1620 Plecterer:
494 1545 551 1618 his
570 1554 742 1642 poterant
759 1555 913 1642 pectora
930 1556 1057 1619 nostra
1073 1545 1170 1643 capi.

203 1658 272 1737 Est
288 1686 442 1761 quoque
461 1661 674 1758 (confiteor)
692 1661 806 1735 facies
826 1658 893 1735 tibi
912 1686 1013 1735 rara:
1043 1671 1245 1760 potestque

249 1777 358 1854 Velle
376 1780 448 1853 sub
465 1779 663 1877 amplexus
683 1780 735 1852 ire
753 1776 879 1876 puella
895 1788 992 1851 tuos.

201 1891 330 1969 Altera
346 1897 406 1969 vel
423 1897 549 1994 potius
567 1894 656 1969 felix
675 1896 756 1968 sine
773 1894 928 1968 crimine
946 1893 1022 1979 fiat,
1196 1899 1245 1968 95

249 2009 374 2095 Quam
392 2012 504 2086 cadat
521 2022 678 2086 externo
696 2022 823 2085 noster
833 2012 965 2085 'amore
982 2011 1115 2108 pudor.

204 2122 317 2201 Disce
334 2151 420 2201 meo
439 2128 626 2225 exemplo,
645 2126 815 2199 formosis
833 2151 945 2225 posse
962 2151 1101 2200 carere.

251 2240 321 2315 Est
338 2243 456 2316 virtus
474 2244 622 2341 placitis
641 2244 867 2318 abstinuisse
884 2244 1006 2316 bonis.

202 2354 324 2441 Quam
338 2359 476 2433 multos
494 2360 626 2433 credas
640 2362 799 2458 juvenes
817 2369 960 2457 optare,
979 2361 1081 2458 quod
1099 2370 1221 2459 optas,

248 2472 323 2558 Qui
341 2475 517 2573 sapiant?
543 2476 672 2549 oculos
691 2501 738 2550 an
754 2475 861 2549 Paris
880 2500 976 2548 unus
995 2476 1138 2549 habes?
1176 2482 1245 2550 100

203 2586 288 2662 Non
305 2599 346 2661 tu
365 2590 450 2688 plus
468 2591 603 2665 cernis,
632 2593 700 2668 sed
718 2592 802 2691 plus
821 2591 1039 2665 temerarius
1057 2593 1191 2666 audes:

151 2749 155 2757 ·
250 2700 335 2778 Nec
352 2704 421 2780 tibi
441 2705 526 2805 plus
544 2708 679 2795 cordis,
699 2708 767 2782 sed
786 2707 905 2803 magis
924 2707 1010 2794 oris
1030 2708 1139 2782 inest.

228 2972 272 3023 8³.
289 2974 322 3024 Bt
339 2976 419 3039 sepe]
442 2977 511 3026 nalo
535 2979 566 3026 Ut
587 2995 641 3042 urps
661 2999 697 3030 er-
748 2981 851 3047 quiipsn
861 2980 954 3029 Helena
970 2988 1044 3028 artem
1059 2981 1161 3031 mirandi
1179 2983 1245 3032 inve·

199 3048 274 3097 dus.
290 3048 422 3098 Heinsius.
453 3051 533 3100 Tibul.
552 3052 578 3100 ii.
595 3053 637 3101 vil.
655 3057 697 3103 ³4.
748 3056 809 3104 nisse
825 3053 1048 3102 dicitursPtolem·
1060 3054 1183 3121 Hephrest.
1200 3057 1244 3105 lib.

197 3118 399 3172 bembousus.
434 3125 482 3172 Aut
498 3127 587 3189 aliquae
602 3131 696 3177 errimu-
747 3129 780 3177 iv.
814 3130 862 3185 An,
870 3129 981 3191 magistro
992 3127 1078 3177 Paride
1089 3146 1142 3194 quae
1153 3129 1245 3188 didicit,

198 3195 332 3245 tanim
747 3204 805 3252 alios
814 3202 912 3251 docuit?
929 3205 1018 3251 Bunrr.

228 3268 271 3319 86.
291 3268 332 3318 Vel
349 3271 415 3336 longo
432 3288 548 3320 mansure
563 3275 635 3337 dind]
659 3276 698 3323 Vel
779 3279 819 3327 95.
837 3279 917 3325 Altera
936 3280 974 3326 sed
993 3279 1090 3341 parim]
1112 3280 1151 3328 Ver
1172 3284 1247 3342 potius

195 3342 262 3391 ullo
282 3342 428 3392 Puteaneus.
455 3345 497 3394 sed
519 3346 576 3394 nihil
598 3349 695 3397 accedo.
747 3352 828 3401 iidem.
846 3368 888 3416 pro
901 3354 936 3401 vel
946 3355 1037 3401 ultera:
1054 3354 1162 3418 quemvis
1171 3358 1246 3404 attera

196 3412 327 3466 Haustus.
360 3417 413 3480 Ego
427 3420 493 3465 usello
508 3437 625 3469 murmuro
642 3423 697 3471 reti·
746 3435 771 3476 et
787 3428 816 3477 rb
830 3430 866 3476 vel
883 3427 966 3475 miram
985 3427 1057 3476 habet
1077 3428 1114 3476 bic
1131 3429 1244 3492 ἔμφασιν.

195 3502 249 3547 ιω,
259 3489 354 3539 sienim
364 3492 457 3556 frugum
468 3492 559 3548 fuisset,
566 3495 696 3558 periculum
747 3501 814 3566 qussi
825 3502 917 3551 occulte
928 3501 1018 3557 innuat,
1028 3519 1053 3550 se
1063 3502 1138 3551 inviti
1148 3503 1245 3552 alteram

194 3562 264 3621 fuet,
275 3581 306 3615 ne
318 3564 355 3612 vir
371 3565 482 3614 sentiret:
499 3567 596 3631 elegans
612 3579 696 3634 pnete·
747 3575 795 3624 fore
806 3574 909 3625 felicem.
929 3575 1019 3624 Herss.

194 3653 235 3689 ree
251 3639 371 3705 oppositio
388 3643 433 3688 τοῦ
451 3644 537 3705 exigui.
557 3651 581 3690 et
601 3646 697 3693 nullius.
778 3651 821 3700 98.
839 3651 881 3699 Est
898 3650 994 3713 simun]
1011 3650 1090 3699 Cicer.
1108 3666 1150 3716 pro
1166 3650 1245 3699 domo.

193 3720 230 3761 eet
247 3728 304 3762 vero
323 3712 396 3770 idern,
411 3713 475 3778 quod
495 3715 569 3779 Epist.
588 3716 639 3764 xiii.
657 3719 697 3767 89.
747 3727 789 3774 58.

196 3784 316 3851 Teer'loqw
335 3790 361 3836 ln
381 3797 470 3850 poclm
486 3791 570 3846 diem,
591 3799 615 3839 el
633 3794 696 3857 quod
784 3802 839 3848 102.
856 3801 900 3848 Sed
919 3803 993 3848 minus
1008 3802 1053 3847 oris
1070 3799 1154 3861 cdere]
1170 3799 1247 3863 Magis

194 3858 252 3911 tlibi
263 3859 323 3910 dicit
334 3862 433 3918 Noster,
446 3862 546 3912 etmulti
563 3866 612 3922 ilii.
625 3883 698 3916 mm
748 3875 793 3921 oris
803 3889 849 3921 non
860 3874 930 3938 pauci
941 3890 970 3921 er
981 3872 1081 3936 scriptis.
1115 3871 1246 3937 Sedospro

195 3934 265 3999 W·
283 3934 309 3983 ln
319 3936 696 4002 nemausieratuuparwmm.
748 3945 837 4010 pudore
857 3946 896 3993 bic
918 3945 1025 3999 sumitur,
1042 3945 1076 3992 ite
1096 3947 1184 3991 duritfu
1202 3949 1247 3992 nris

195 4009 321 4066 1171,κᾶ
332 4009 404 4059 mle·
422 4010 510 4059 ΒΜ·
747 4035 788 4083 pro
806 4019 953 4083 impudentia
968 4019 1052 4065 Senec.
1062 4017 1092 4064 de
1104 4017 1188 4066 Const,
1204 4021 1245 4067 Sa-

224 4084 266 4133 90.
282 4084 321 4133 Sr'c
331 4102 418 4149 quoque
433 4102 492 4147 prm
508 4089 590 4151 duret]
610 4089 647 4136 Sic
658 4108 697 4152 ego
748 4092 812 4155 plen.
824 4109 879 4156 cup.
892 4092 949 4140 xxii.
984 4090 1088 4153 Vulgum
1104 4099 1184 4140 tamen
1198 4092 1245 4142 lec-

196 4154 329 4209 Peluneue
339 4167 365 4208 et
376 4158 479 4223 Regius.
497 4160 629 4210 llerrrsrus.
651 4162 696 4210 At·
747 4165 780 4213 tio
790 4165 876 4213 servari
893 4173 979 4230 [usust.
998 4163 1051 4212 vide
1065 4165 1161 4229 elegans
1172 4166 1243 4215 Calo·

810 4246 859 4301 Qs
