2896 4980
195 310 263 375 396
501 307 540 370 Ρ.
569 304 729 370 OVIDII
755 303 968 369 NASONIS

198 483 365 581 Tempus
384 493 464 555 erat
481 481 629 578 Thyrso
647 480 797 577 pulsum
816 477 983 574 graviore
1002 478 1157 552 moveri.

251 600 453 672 Cessatum
471 597 563 669 satis
580 606 659 668 cst:
689 594 812 691 incipe
831 594 952 688 majus
970 616 1080 691 opus,

202 714 364 787 llateriil
383 712 522 810 premis
540 708 744 805 ingenium.
772 731 865 780 cane
884 708 986 781 facta
1002 708 1184 782 virorum:
1199 711 1246 779 25

251 828 344 901 llaec
363 828 500 912 animo,
519 826 637 909 dices,
657 847 744 896 area
760 823 875 918 digna
891 847 977 896 meo
994 835 1067 897 est.

202 945 313 1029 Quod
332 955 470 1017 tenerae
487 951 652 1025 cantent,
671 941 762 1012 lusit
778 951 845 1012 tua
863 938 989 1025 Musa,
1009 940 1168 1038 puellae3

250 1060 453 1155 Primaque
472 1081 539 1155 per
557 1078 731 1128 numeros
749 1065 836 1127 acta
847 1056 1006 1152 juventa
1022 1077 1126 1127 suos.

203 1176 314 1249 Nunc
332 1175 492 1248 habeant
510 1196 578 1271 per
596 1183 633 1246 te
652 1172 826 1245 Romana
843 1170 1044 1266 Tragoedia
1060 1194 1210 1244 nomen.

254 1290 431 1389 Implebit
448 1291 552 1384 leges
570 1289 723 1386 spiritus
741 1289 813 1362 iste
828 1311 945 1361 meas.
1200 1290 1246 1358 30

201 1407 415 1482 Hactenus:
444 1416 483 1478 ct
500 1406 615 1478 movit
632 1404 744 1502 pictis
762 1404 893 1477 innixa
909 1403 1103 1476 cothurnis

239 1524 421 1596 -Densum
440 1522 593 1595 caesarie
608 1532 741 1618 terque
760 1531 971 1617 quaterque
988 1528 1117 1616 caput.

201 1638 331 1712 Altera
348 1639 397 1735 (si
416 1638 585 1731 memini)
603 1636 701 1709 limis
719 1637 876 1712 subrisit
891 1635 1034 1709 ocellis.

253 1754 386 1840 Fallor,
407 1778 453 1827 an
473 1754 510 1826 in
528 1755 664 1827 dextra
684 1764 831 1850 myrtea
847 1753 951 1848 virga
967 1750 1067 1824 tuitt·

201 1869 301 1952 Quid
321 1870 495 1964 gravibus
514 1869 648 1953 verbis,
661 1867 831 1941 animosa
843 1865 1054 1963 Tragoedia,
1066 1864 1179 1949 dixit,
1201 1866 1246 1935 35

251 1983 317 2056 Me
328 1984 492 2080 premisl
512 2008 559 2057 an
574 2008 780 2081 numquam
792 2009 866 2057 non
881 1982 1003 2079 gravis
1017 2004 1104 2055 esse
1118 1978 1245 2079 potest

202 2098 414 2196 lmparibus
432 2109 559 2171 tamen
576 2124 617 2171 es
635 2099 801 2172 numeris
818 2099 974 2195 dignata
991 2095 1151 2170 moveri.

251 2214 297 2287 ln
316 2237 376 2287 me
394 2214 570 2312 pugnasti
588 2216 757 2288 versibus
776 2238 845 2290 usa
863 2213 969 2289 meis.

198 2507 280 2563 gunter
292 2497 410 2556 Quinctil.
419 2497 492 2546 Decl.
504 2498 553 2546 xiv.
585 2499 651 2552 Quod
661 2517 698 2547 nos
749 2511 785 2546 tur
797 2502 838 2547 iste
848 2498 929 2561 mem]
950 2497 978 2545 ln
996 2494 1176 2545 correctioribus
1191 2492 1246 2559 legi·

137 2608 141 2617 .
199 2573 325 2637 insubulos
340 2589 492 2636 sermonesque
503 2575 593 2621 misisti.
606 2571 655 2621 vid.
667 2571 699 2621 ml
749 2583 795 2630 tur,
805 2575 904 2621 labeum.
923 2573 1038 2619 Munius.
1066 2569 1246 2625 Exhisrerbir,

198 2646 225 2694 ii.
236 2647 290 2695 Art.
303 2648 359 2695 561.
749 2662 821 2711 quam
832 2655 914 2711 postea
926 2643 1018 2710 scripsit
1028 2642 1146 2692 nicoeam
1153 2643 1245 2708 Tragos

212 2722 273 2768 ·23.
290 2718 409 2781 Dudum]
429 2718 533 2775 Pridem,
550 2717 699 2783 jamdudum.
749 2719 822 2772 diam,
843 2735 925 2767 omnes
951 2718 1010 2766 uliae
1037 2715 1126 2765 latino
1145 2731 1246 2765 sermone

199 2797 314 2843 Minius.
341 2794 430 2841 Bcnu.
699 2796 701 2801 '
749 2793 856 2858 scriptas.
877 2809 925 2842 una
950 2798 1061 2857 exceptu,
1082 2795 1157 2856 quarn
1177 2789 1247 2840 edidit

231 2872 272 2918 ¹25.
291 2868 363 2916 Facta
374 2868 495 2929 virorum]
511 2866 561 2914 Cur
571 2867 642 2914 etiam
655 2883 700 2915 non
751 2868 846 2923 l'arius,
856 2868 969 2932 Thyeste,
982 2881 1094 2931 superare
1105 2864 1246 2931 apertisime

199 2943 285 2991 veteris
305 2941 349 2989 ieri
377 2941 536 2997 loemiuarum,
557 2957 611 3005 quae
630 2957 698 3006 teque
750 2941 877 3006 colligitur.
902 2940 979 3004 ldque
990 2948 1015 2987 et
1025 2940 1101 2988 Corn.
1111 2939 1217 2998 Tacitus
1225 2947 1247 2987 et

197 3015 377 3080 Tragoetliarum
409 3026 464 3062 sunt
495 3027 642 3079 argumento,
669 3032 698 3065 ec
750 3014 977 3073 Paauuinctitian.
991 3020 1120 3062 testantur.
1153 3014 1223 3063 Cror.

199 3089 259 3138 viril
281 3089 375 3152 egregie
396 3103 452 3150 orgo
472 3089 655 3139 Barborinianur
674 3099 699 3138 et
782 3092 823 3138 37.
850 3089 978 3151 imparibus
1001 3098 1078 3136 tumen
1105 3104 1128 3136 es
1152 3090 1246 3137 uumrir

201 3163 407 3218 francofurtensis,
414 3165 524 3222 priorum.
541 3163 576 3210 ita
585 3163 647 3210 enirn
658 3180 697 3211 vo·
749 3167 845 3228 dignum
856 3162 947 3218 mareri,
959 3162 1019 3224 &c.]
1041 3161 1152 3210 Multum
1162 3163 1246 3211 lellitur

199 3246 283 3285 rantur
302 3251 364 3300 siepe
385 3235 460 3284 seculi
484 3237 575 3300 antiqui
598 3237 697 3285 lleroes.
749 3237 793 3284 boc
809 3237 862 3284 loco
877 3238 1062 3292 commentator,
1078 3234 1121 3300 qui
1138 3236 1245 3285 medem

202 3311 290 3356 ltirnu.
749 3310 830 3359 Ovidii
863 3309 975 3373 Elegiaeo
1003 3309 1110 3357 carmine
1139 3310 1244 3375 scriptun

231 3384 273 3429 28.
301 3382 423 3444 Primoque
442 3400 484 3444 per
505 3401 608 3431 urimeror
624 3383 698 3446 epm]
749 3383 820 3432 luisse
838 3392 916 3448 putat.
951 3382 1016 3430 Nem
1034 3382 1100 3447 quod
1119 3382 1159 3431 liic
1177 3384 1245 3433 Ροὲίι

200 3456 300 3504 Rectius
308 3455 333 3503 in
345 3456 519 3520 exemplaribus
530 3458 624 3521 legitur,
633 3459 699 3504 Acta.
750 3458 816 3514 dicit,
846 3457 974 3520 liuparibui
992 3460 1094 3505 numeris
1114 3461 1212 3524 dignata
1227 3474 1246 3506 er

200 3541 227 3579 ut
245 3530 275 3579 sit
286 3545 369 3577 sensus
385 3537 409 3576 et
420 3528 491 3576 ordo:
510 3531 590 3578 Prima
599 3531 699 3593 juventa
751 3536 840 3589 nioren',
852 3548 898 3580 non
915 3530 946 3579 ad
957 3529 1080 3587 llleileam,
1089 3531 1133 3581 aed
1150 3532 1181 3580 erl
1190 3546 1245 3598 pm-

201 3604 361 3663 tua,dNaso,
371 3612 433 3658 acta,
444 3604 528 3668 supple
538 3613 582 3659 est,
593 3620 635 3668 per
645 3621 700 3654 suos
749 3618 840 3656 sentem
867 3606 1043 3655 contentionem
1063 3605 1200 3671 Trngoedie
1223 3616 1245 3657 et

201 3694 321 3728 numeros:
341 3677 385 3724 hoc
403 3686 446 3731 est,
465 3678 578 3725 amatoria
595 3679 700 3728 carmina
750 3682 838 3745 Elegia
849 3678 998 3728 referendum
1009 3688 1060 3727 est:
1077 3680 1244 3746 utruqueeuiu

201 3752 265 3801 retati
279 3761 325 3800 turc
341 3750 441 3815 juvenili
460 3750 623 3799 convenientia
642 3752 700 3799 satis
750 3755 861 3818 illegiaco
871 3760 945 3800 metro
955 3768 1021 3800 suam
1032 3768 1130 3801 musam
1138 3753 1197 3819 egit.
1217 3754 1245 3803 Et

200 3825 325 3892 scripsisti:
344 3840 406 3874 nunc
418 3826 512 3891 quando
522 3843 551 3875 cr
570 3827 644 3890 prima
657 3827 697 3889 ju·
750 3828 812 3890 quod
826 3827 882 3875 alibi
901 3826 963 3874 idern
981 3826 1051 3884 dixit,
1066 3826 1180 3891 Vera-uque
1190 3828 1243 3877 tt·-

202 3910 272 3948 venta
291 3900 350 3957 exis,
367 3900 455 3965 majora
473 3900 608 3965 aggredere.
642 3901 699 3949 Mi-
748 3904 823 3963 gordia
851 3911 925 3948 nostro
948 3901 1040 3948 Crevit:
1066 3900 1101 3949 ilii
1123 3916 1244 3968 pronomen

202 3992 268 4024 mus.
751 3986 824 4022 nostro
841 3974 928 4022 nonde
944 3974 1057 4038 Eleglaco
1074 3974 1171 4041 (neque
1186 3970 1244 4025 ioh

233 4049 272 4095 ⁸29.
300 4048 368 4095 tl'imc
389 4051 466 4096 liabent
491 4064 531 4111 prr
554 4060 575 4096 te
596 4050 699 4097 llomnuu
750 4049 860 4113 lilegiaca
872 4057 965 4096 lentum
975 4049 1068 4114 scripsit
1078 4048 1245 4107 Ροὲίῌιᾶθὶ

204 4123 420 4186 Trogudiunomru,
444 4124 545 4186 lmpleliit
561 4126 618 4178 leges
633 4128 697 4186 spiri·
751 4122 852 4177 heroica,
869 4130 895 4169 ut
907 4122 929 4169 in
940 4122 1245 4193 Metam.)redpoereuin
