2896 4980
207 303 258 362 viii
527 300 562 360 P.
583 299 727 360 OVIDII
748 298 938 361 NASONIS

210 466 249 532 In
264 466 409 532 secundo'
423 476 531 530 sutem
545 466 588 530 de
603 452 721 544 Ponto,
736 452 834 551 Eleg.
847 465 900 530 vii.
917 466 963 531 sie
978 465 1109 531 scribit:

134 612 144 626 '
241 663 244 668 .
290 615 361 676 vita
374 616 452 695 prior
465 615 535 675 vitio
548 627 636 685 caret,
650 625 681 674 et
694 615 757 675 sine
770 615 835 676 labe
848 626 965 695 peruetu¹
975 626 1038 676 est:

328 711 444 770 Auxilii
457 711 559 770 misero
572 711 615 769 nil
628 710 700 770 tulit
711 710 764 770 ills
776 711 857 770 mibi.

254 875 381 939 Habuit
396 897 516 939 uxores
534 886 611 953 tres,
626 897 765 959 querum
782 875 864 940 duas
880 875 1081 959 repudiavit3
1105 895 1178 939 sum
1198 884 1261 937 ter·

210 979 255 1042 tit
275 999 352 1042 vero
369 977 626 1062 conjunctissime
646 989 680 1041 et
700 977 914 1040 amantissime
934 977 1031 1040 vixit:
1055 979 1131 1042 item
1150 974 1260 1050 filiam,

209 1091 243 1144 et
257 1077 335 1144 ulios
349 1077 486 1155 liberos;
509 1079 567 1141 sed
582 1100 625 1141 ex
639 1063 707 1140 fi'lit
728 1089 760 1142 et
781 1100 859 1141 avus
875 1076 979 1142 factus
1001 1091 1060 1143 est.
1096 1077 1209 1151 Quare
1229 1076 1262 1138 in

210 1191 325 1265 quarto
341 1180 441 1245 Trist.
458 1180 514 1256 ait,
531 1177 627 1262 Eleg.
645 1200 685 1241 x:

290 1315 377 1374 Poens
390 1314 462 1372 mihi
472 1332 562 1394 puers
575 1332 629 1372 uec
639 1311 728 1390 digna
741 1331 794 1371 uec
807 1311 889 1371 utilis
903 1332 976 1372 uxor

327 1409 385 1468 Est
398 1408 476 1478 dats,
490 1428 554 1486 que
566 1419 682 1486 tempus
695 1408 833 1485 perbreve
846 1419 937 1485 nupta
950 1409 1016 1468 fuit.

289 1503 339 1561 Illi
349 1502 497 1572 succressit,
510 1501 642 1579 quemvis
655 1500 717 1560 siue
730 1501 859 1570 erimine,
873 1503 978 1579 conjux

327 1597 400 1655 Nou
412 1607 512 1656 tamen
524 1597 556 1654 in
568 1605 666 1654 nostro
680 1593 763 1653 firma
775 1594 876 1653 future
888 1605 959 1654 toro.

245 1737 248 1740 .
291 1689 413 1759 Ultima,
427 1710 491 1768 quse
504 1709 618 1749 meeum
632 1709 708 1750 seros
719 1688 879 1767 permansit
892 1689 923 1748 in
937 1708 1037 1758 anuos,

329 1785 478 1846 Sustinuit
491 1788 596 1865 conjux
610 1783 719 1846 exsulis
731 1803 794 1845 esse
806 1783 871 1842 viri

290 1878 368 1939 Filia
380 1901 427 1940 me
440 1901 504 1940 mes
516 1880 560 1940 bis
573 1879 666 1959 primi
679 1877 805 1939 fecunda
814 1876 948 1956 juventi,
1050 1907 1051 1910 ¹

329 1973 390 2034 Sed
404 1996 460 2034 uon
474 1996 512 2034 ex
524 1995 582 2035 uuo
595 1975 726 2053 eonjuge,
739 1973 810 2033 feeit
823 1993 919 2033 arum.

255 2101 338 2165 Cum
352 2113 460 2167 autem
471 2101 657 2187 Augustum
668 2101 831 2166 Coesarem
840 2086 1075 2188 imprudenter,
1087 2113 1122 2167 et
1132 2103 1261 2182 inscius,

210 2214 248 2268 ut
266 2203 337 2288 ipse
358 2204 414 2281 sit,
437 2203 637 2281 offendisset,
656 2205 698 2268 ad
719 2203 868 2269 Euxinos
890 2206 932 2269 sb
954 2227 995 2270 eo
1016 2201 1179 2291 relegatus
1201 2217 1262 2279 est,

211 2327 312 2370 auitos
326 2318 420 2370 natus
434 2305 475 2380 l.;
502 2327 603 2389 quare
618 2306 710 2369 sitin
725 2306 765 2369 iv.
783 2305 884 2371 Trist.
902 2305 998 2392 Eleg.
1016 2329 1056 2370 x:

291 2474 417 2553 Postque
431 2495 508 2533 meos
521 2485 600 2534 ortus
616 2474 709 2534 Pisaet
722 2475 837 2535 vinctus
850 2476 926 2535 olivis

329 2566 501 2627 Abstulerat
515 2566 609 2628 decies
622 2568 740 2647 praemiu
754 2569 843 2627 victor
857 2589 965 2648 equus:

290 2661 366 2719 Cum
379 2662 465 2720 maris
480 2661 591 2720 Euxini
604 2661 711 2740 pmitos
724 2660 760 2719 sd
774 2661 847 2722 laeva
860 2662 990 2722 Tomitas

330 2754 467 2826 Quaerere
481 2777 527 2816 me
541 2755 601 2815 laesi
615 2755 752 2835 principis
765 2757 808 2815 ira
816 2756 912 2835 jubet.

255 2919 429 2985 Describit
440 2933 548 2984 autem
566 2921 742 2986 discessum
760 2943 853 2986 suum
863 2892 917 2986 er
929 2921 1022 2999 urbe,
1039 2933 1073 2985 et
1091 2920 1214 3000 uxo'ris,
1230 2935 1263 2987 et

211 3033 393 3087 ceterorum
408 3044 539 3087 suorum
552 3022 718 3105 lacrymas,
735 3024 914 3107 duramque
931 3035 965 3088 et
979 3022 1193 3109 perioubssm
1208 3048 1263 3089 na·

211 3124 405 3209 vigstionem
420 3146 521 3202 suum,
537 3124 642 3208 primo
653 3124 754 3190 Trist.
771 3126 871 3212 longi
881 3125 1030 3212 epistolfl‚
1043 3149 1117 3212 quse
1133 3128 1261 3213 incipit:

291 3329 366 3388 Cum
380 3328 458 3388 subit
472 3300 550 3387 illius
563 3328 728 3389 tristissima
741 3331 833 3390 noetis
845 3305 949 3409 image,
965 3332 1017 3390 &e

256 3525 423 3590 Praeterea
442 3523 546 3608 primo
561 3525 603 3590 de
620 3523 739 3603 Ponto,
755 3526 788 3589 in
803 3523 911 3612 Epist.
928 3526 970 3590 ud
986 3525 1157 3605 Rufinum,
1171 3549 1212 3592 eo
1231 3529 1264 3591 in

211 3627 284 3693 loco
299 3650 333 3691 se
349 3626 509 3703 exsulare,
525 3627 582 3692 ubi
601 3649 729 3713 semper
747 3627 887 3692 maxima
906 3627 1013 3693 forent
1032 3628 1165 3714 frigora,
1181 3653 1264 3695 sum-

212 3753 328 3816 maque
343 3730 452 3814 inopia
466 3730 625 3794 bonorum
640 3731 790 3807 omnium,
807 3729 857 3795 his
872 3731 1019 3814 queritur
1032 3731 1197 3797 versibus:
1282 3721 1286 3726 ⁸

291 3951 378 4010 Orbis
391 3951 422 4008 in
437 3950 574 4011 extremis
584 3951 666 4028 jsoeo
680 3950 813 4012 desertus
825 3952 928 4021 arenis,

331 4046 402 4104 Fert
416 4046 465 4104 ubi
480 4058 635 4124 perpetuas
649 4047 752 4128 obruta
765 4057 843 4108 terre
854 4046 944 4107 nives.
