2896 4980
194 288 263 352 416
492 284 531 347 Ρ.
556 283 718 350 ovlnn
742 284 956 352 NASONIS

197 460 232 530 O
251 459 394 532 utinam
411 458 613 532 mea-lecta
628 457 761 544 forent,
783 461 980 557 patrioque
999 460 1171 559 sepulcro

247 575 423 660 Condita,
442 575 532 648 dum
551 585 726 673 poterant
742 575 895 671 virginis
912 599 1000 649 ossa
1016 575 1111 672 legi!

198 690 277 763 Cur
293 691 405 764 modo
423 689 587 764 Vestalis
604 691 723 764 tredas
742 690 876 763 invitor
893 691 942 763 ed
960 691 1056 763 ullas
1193 693 1234 761 75

244 805 393 905 Turpis,
413 818 452 880 et
470 803 595 879 Iliacis
613 805 816 879 inficianda
831 804 950 879 focis?

196 920 297 1005 Quid
315 922 461 994 moror?
487 944 534 995 en
552 919 680 1015 digitis
698 919 876 1016 designor
893 907 1067 994 adultera
1082 919 1196 1016 vulgi.

247 1036 358 1111 Desit
371 1036 535 1123 famosis,
554 1037 621 1133 qui
639 1046 745 1110 notet
760 1061 837 1122 ora,
857 1038 991 1135 pudor.

196 1151 413 1239 Hactenus3
441 1163 480 1225 et
497 1164 640 1226 vestem
658 1153 812 1226 tumidis
831 1153 1034 1251 praetendit
1050 1150 1198 1225 ocellis:

246 1271 373 1368 Atque
391 1270 444 1343 ita
460 1292 502 1342 se
519 1270 557 1342 in
575 1270 724 1367 rapidas
742 1270 890 1369 perdita
906 1270 1009 1342 misit
1027 1293 1159 1368 aquas.
1192 1273 1235 1339 80

199 1387 453 1485 Supposuisse
471 1409 603 1460 monus
621 1387 669 1460 ad
687 1398 841 1485 pectore
858 1387 1024 1459 lubricus
1042 1385 1162 1458 amnis

248 1501 415 1587 Dicitur;
443 1511 484 1575 et
500 1502 591 1574 socii
605 1504 691 1598 jura
707 1502 858 1576 dedisse
875 1502 959 1574 tori.

197 1616 251 1691 Te
270 1641 424 1715 quoque
440 1617 621 1690 credibile
638 1627 700 1691 est
717 1617 846 1715 aliquit
865 1617 1028 1689 caluisse
1046 1613 1189 1714 puelli:

248 1733 325 1807 Sed
343 1756 496 1806 nemora
511 1742 551 1806 et
567 1732 671 1804 silvae
689 1732 846 1805 crimina
861 1741 987 1805 vestra
1003 1741 1148 1826 tegunt.

198 1848 301 1921 Dum
318 1849 462 1945 loquor,
483 1847 639 1920 increvit
656 1848 740 1921 latis
759 1847 961 1945 spatiosius
975 1847 1098 1930 undis,
1131 1886 1141 1897 ,
1193 1847 1235 1916 85

248 1964 331 2037 Nec
349 1965 452 2062 capit
469 1964 652 2037 admissas
671 1965 798 2037 alveus
817 1964 915 2036 altus
934 1985 1064 2060 aquas.

197 2080 299 2164 Quid
317 2104 478 2166 mecum,
498 2080 647 2165 furiose,
666 2081 761 2153 tibi?
788 2080 879 2178 quid
901 2089 1032 2151 mutua
1047 2075 1176 2150 differs

249 2195 423 2269 Gaudia?
451 2196 541 2292 quid
560 2206 738 2292 creptum,
758 2196 908 2280 rustice,
929 2194 1070 2292 ru'mpis
1090 2191 1186 2265 iter?

198 2311 326 2395 Quid?
353 2312 383 2384 si
402 2312 610 2407 legitimum
628 2311 777 2395 imeres,
797 2311 828 2382 si
847 2310 970 2382 nobile
989 2307 1156 2380 flumen?

251 2428 292 2499 Si
310 2427 376 2500 tibi
397 2450 463 2525 per
480 2439 598 2500 terras
615 2427 782 2500 maxima
799 2426 898 2500 ferna
911 2424 1032 2498 foret?
1193 2425 1237 2494 90

200 2543 349 2617 Nomen
368 2545 483 2618 habes
502 2546 658 2630 nullum,
678 2544 764 2616 rivis
783 2543 939 2616 collecte
956 2540 1128 2621 caducis3

250 2658 333 2732 Nec
352 2660 419 2732 tibi
439 2671 526 2733 sunt
544 2659 678 2743 fontes,
695 2681 764 2730 nec
783 2657 852 2730 tibi
870 2667 972 2728 certa
988 2655 1137 2726 domus.

231 2985 273 3032 78.
293 2985 357 3032 Desit
359 2984 487 3050 fumosus]
501 2986 621 3048 legerem.
632 2985 695 3031 Desit
745 2984 780 3031 ita
790 2983 906 3048 capiendo
922 2982 965 3030 illo
974 2979 1090 3037 Suetonii,
1101 2978 1184 3028 liber.
1193 2993 1242 3042 etp.

192 3059 298 3122 sams,
309 3062 347 3122 qui
363 3071 424 3108 notet
436 3077 483 3115 ora,
494 3062 583 3121 pudor;
603 3058 695 3107 adulte·
747 3059 772 3106 7.
806 3059 877 3106 Semel
893 3075 918 3105 cr
936 3057 1112 3104 accuratum·
1129 3056 1186 3102 adeo
1194 3069 1241 3102 corr·

198 3132 231 3181 ris
242 3132 579 3197 notiuetjumcrimiuibusse
591 3132 696 3197 polluere
747 3136 815 3181 tentis
834 3143 857 3181 et
876 3132 1011 3180 tumentibus
1029 3131 1102 3177 oculis
1118 3137 1244 3190 pemeus

200 3205 313 3261 adsuetis.
325 3207 386 3255 desit
400 3207 488 3272 pudor;
505 3208 547 3255 sed
558 3207 625 3263 mibi,
637 3208 696 3256 l'cs-
746 3219 788 3257 cst.
805 3207 846 3254 ubi
857 3206 942 3254 suurn
957 3202 1078 3266 corrigunt
1088 3201 1134 3251 viri
1150 3199 1242 3253 eruditi·

199 3279 242 3328 uli
260 3279 354 3344 virgini,
370 3291 394 3329 et
416 3282 520 3337 intactae,
535 3281 618 3346 pudor,
633 3282 696 3347 quod
748 3293 772 3330 et
782 3280 824 3330 alii
835 3290 944 3327 tumentes
952 3277 1042 3333 oculos,
1052 3274 1192 3331 emeterius,
1205 3289 1243 3323 ex-

198 3350 282 3414 digitis
308 3352 424 3417 designer.
445 3355 518 3409 subit,
538 3363 564 3402 et
590 3355 698 3419 probibet
747 3364 845 3409 smnus,
862 3363 887 3400 et
902 3351 981 3400 nescio
997 3365 1057 3414 quos
1074 3357 1207 3413 exponunt.
1222 3357 1244 3395 et

200 3423 270 3488 plura
289 3425 363 3490 loqui.
389 3437 413 3475 et
429 3427 483 3476 ideo
501 3437 590 3476 vestem
609 3428 697 3493 pudore
748 3428 783 3477 sic
795 3438 912 3492 turgentes
925 3441 995 3501 gerrae
1010 3423 1243 3488 Seneangem.

200 3499 316 3546 subeunte
327 3500 402 3548 oculis
412 3499 545 3564 praerendit.
578 3503 666 3550 Bunrr.
749 3502 807 3550 760.
818 3499 947 3550 vindicavit
957 3497 1100 3547 Gronovius.
1116 3506 1245 3546 notatum

233 3575 274 3622 79.
292 3574 414 3638 fumun]
437 3575 514 3623 Recte
536 3579 629 3624 tumidis
648 3577 697 3626 Pu·
750 3575 971 3639 Douzaobuuptom
982 3570 1119 3619 etrelrtm
1129 3569 1245 3619 biciorln-

199 3659 299 3698 teaneus
308 3657 333 3696 et
340 3659 441 3713 quatuor
449 3648 498 3703 elii,
507 3649 598 3698 exfletu
606 3659 698 3698 tomen·
749 3650 771 3698 ci
792 3649 862 3697 niun
882 3665 911 3696 cx
933 3648 980 3695 ritu
1000 3644 1079 3710 prisco
1103 3644 1245 3710 nuptiuun.

201 3733 238 3771 tes
255 3721 376 3786 intelligit.
409 3720 518 3770 Tibullus
535 3722 576 3770 lib.
592 3723 609 3771 i.
629 3724 697 3788 Eleg.
749 3725 837 3772 Bru.

201 3796 252 3844 viii.
782 3801 824 3846 82.
842 3798 901 3845 Socii
903 3799 964 3858 jura
974 3795 1060 3842 dedisse
1070 3793 1139 3856 tori]
1152 3791 1246 3857 &putu

235 3868 267 3916 Er
287 3879 328 3918 tuo
338 3874 392 3932 jam
400 3870 464 3934 fletu
484 3870 571 3917 lrrnrinu
578 3871 644 3936 fma
661 3883 699 3919 tu·
749 3871 836 3920 dicitur
855 3870 902 3918 llic
921 3870 953 3917 ed
967 3865 1079 3932 Tybridis
1096 3866 1171 3931 ripn.
1186 3865 1246 3918 unde

266 3955 336 3993 nent.
578 3947 667 3994 lirum.
749 3962 803 3995 cum
821 3946 871 4011 ipso
881 3943 952 3993 fluvio
963 3941 1069 4007 nupsisse
1087 3939 1247 4006 poetntrndi·

203 4016 331 4066 Confinnat
342 4018 442 4074 Ileinsii,
453 4034 506 4082 quae
519 4027 544 4067 et
555 4020 644 4069 Douzrc
655 4021 699 4068 luit
749 4021 849 4079 derunt;
865 4029 890 4066 et
908 4017 1000 4082 egregie
1016 4014 1097 4064 dictus
1105 4015 1139 4065 ab
1155 4016 1214 4065 lior.
1231 4015 1247 4061 i.

201 4090 267 4145 olim,
280 4092 446 4139 correctionem
455 4093 663 4143 francofurtensis.
676 4104 699 4141 et
750 4096 797 4143 Od.
808 4095 834 4142 ii.
845 4095 885 4140 20.
922 4091 1108 4140 Umriurrrmnir.
1143 4090 1233 4138 Arum
