2896 4980
194 318 260 381 388
492 316 531 380 Ρ.
555 316 716 383 OVIDII
742 317 953 383 NASONIS

201 490 278 563 Sed
297 513 420 586 neque
438 492 573 565 diversi
592 492 673 588 ripd
694 492 869 564 labuntur
885 493 1018 565 endem

252 606 423 702 Frigidus
443 605 616 693 Eurotas
636 606 899 705 populiferque
915 607 1063 687 Padus:

201 720 236 791 N
240 745 284 794 ec
303 722 372 795 nisi
391 732 445 807 tu,
465 722 602 795 nostris
620 723 832 795 cantabitur·
847 723 922 798 ulla
939 724 1087 797 libellis.

251 836 408 931 Ingenio
427 861 581 911 caussas
598 849 639 910 tu
658 837 767 911 dabis
786 862 861 910 uua
878 862 974 912 meo.

518 1305 743 1381 ELEGIA
774 1305 925 1380 XVIII.

202 1492 364 1566 Carmen
382 1490 429 1565 ad
449 1491 583 1565 iratum
601 1490 692 1562 dum
710 1499 749 1562 tu
768 1488 942 1586 perducis
958 1488 1143 1577 Achillen,

250 1608 453 1706 Primaque
467 1607 602 1705 juratis
620 1604 744 1679 induis
763 1628 865 1677 arina
881 1604 986 1692 viris;

201 1722 294 1809 NoS,
314 1724 457 1809 Macer,
477 1724 620 1820 ignavae
638 1721 796 1796 Veneris
813 1746 1007 1795 cessamus
1027 1722 1064 1794 in
1079 1722 1221 1794 umbrl:

251 1838 301 1911 Et
318 1852 423 1912 tener
441 1864 597 1913 ausuros
615 1839 770 1936 grandia
786 1837 922 1934 frangit
940 1836 1069 1911 Amor.

202 1953 313 2052 Saepe
331 1977 436 2040 mene,
456 1954 639 2038 Tandem,
658 1953 749 2040 dixi,
768 1953 935 2039 discede,
955 1953 1111 2050 puellae:
1214 1956 1233 2024 5

252 2069 297 2142 In
315 2070 457 2165 gremio
476 2070 574 2143 sedit
588 2070 757 2169 protinus
776 2071 838 2143 illa
855 2094 953 2142 meo.

202 2185 326 2284 Saepc,
346 2185 483 2271 Pudet,
502 2187 594 2260 dixi.
614 2187 776 2260 lacrimis
793 2186 856 2258 vix
874 2185 938 2259 illa
955 2186 1124 2273 retentis,

252 2301 317 2376 Mc
333 2303 524 2377 miseram!
547 2305 628 2399 jam
646 2314 696 2389 te,
715 2302 825 2390 dixit,
843 2326 971 2377 amare
988 2302 1130 2400 pudet?

202 2418 470 2517 Implicuitque
489 2444 576 2492 suos
595 2421 735 2493 circum
756 2443 839 2493 mea
856 2419 954 2493 colla
970 2419 1149 2492 lacertos:

252 2534 314 2621 Et,
335 2559 420 2631 quae
439 2559 499 2607 me
518 2535 692 2633 perdunt,
712 2536 842 2608 oscula
859 2532 1095 2629 mille-dedit.
1199 2536 1236 2603 10

201 2649 356 2738 Vincor;
386 2663 425 2724 et
443 2651 633 2748 ingenium
652 2651 784 2723 sumtis
804 2662 997 2725 revocatur
1014 2648 1064 2722 ab
1081 2648 1209 2722 armis:

252 2765 408 2863 Resque
426 2767 527 2838 dorni
546 2778 684 2862 gestas,
704 2777 743 2840 et
760 2790 845 2839 mea
862 2765 972 2848 bella,
990 2787 1100 2837 cano.

203 2881 363 2978 Sceptra
380 2894 506 2954 tamen
524 2882 659 2969 sumsi;
688 2885 857 2980 curaque
876 2881 1077 2976 Tragoedia
1094 2880 1216 2953 nostri

253 2997 397 3071 Crevit:
427 3009 465 3072 et
482 2998 569 3071 huic
588 2998 690 3095 operi
711 2998 918 3094 quamlibet
935 3006 1046 3094 aptus
1064 3019 1181 3071 eram.

233 3250 258 3297 3.
270 3249 322 3305 Nos,
332 3249 432 3311 linces]
440 3250 522 3297 Macer
530 3248 642 3299 AEmilius
650 3250 697 3298 I'e·
785 3250 823 3297 13.
836 3250 941 3309 turaque
959 3244 1081 3310 Tragodiu
1098 3244 1197 3307 natm]
1217 3241 1241 3289 In

201 3322 312 3378 lonensis,
334 3322 442 3386 l'irgilio,
459 3324 554 3371 Tibullo
572 3336 596 3373 et
613 3324 700 3374 Ovidio
751 3322 877 3378 nonnullis,
898 3320 1010 3382 l'muque
1028 3317 1152 3385 ngoeaia
1168 3328 1241 3367 nura.

201 3395 420 3459 conjunctissimns;
437 3412 483 3444 non
500 3396 578 3445 minus
589 3398 700 3446 eruditio·
751 3397 914 3445 Nrrosnns.
933 3394 997 3440 Cura
1008 3401 1096 3449 nomo,
1106 3400 1187 3441 nostra
1196 3388 1241 3439 dlli-

201 3467 245 3523 uis,
254 3483 325 3531 quarn
336 3483 433 3532 poeseos
440 3469 503 3517 lemn
513 3486 555 3517 sna
567 3480 637 3518 inlate
648 3470 698 3518 cla·
749 3470 839 3533 gentio.
872 3468 919 3517 Sed
936 3465 994 3514 milri
1004 3465 1151 3530 probnlrilior
1160 3462 1243 3513 videtu

201 3558 248 3597 rus,
260 3557 303 3589 nce
314 3541 364 3589 sine
375 3541 445 3590 laude
454 3558 468 3589 a
476 3543 632 3600 Quintillano,
642 3562 666 3593 x.
677 3546 699 3594 l.
751 3541 907 3607 antiquissimi
917 3538 1006 3589 codicis
1023 3549 1094 3589 vetus
1108 3539 1243 3603 lectioque

202 3624 351 3663 memoratus.
362 3614 465 3663 Carmen
473 3615 596 3681 scripserat
609 3617 644 3665 De
654 3635 699 3665 ser·
750 3626 797 3666 est:
819 3617 931 3680 lfersuquae
942 3614 1065 3680 Trugoedio
1075 3625 1154 3663 nostro
1165 3614 1244 3663 cnm.

200 3690 302 3753 {nulllus
311 3708 319 3747 ,·
337 3689 484 3753 alterumque
500 3694 527 3738 de
545 3694 609 3739 relus
622 3692 699 3753 Tupu-
751 3692 848 3757 Expone
866 3690 951 3755 igitur:
971 3688 1058 3737 Nostro
1075 3704 1152 3745 ereren,
1169 3686 1246 3741 idest,

201 3769 244 3822 uis,
256 3781 355 3831 quorum
365 3773 442 3813 exstat
452 3767 547 3814 omnino
564 3766 632 3814 nihil.
644 3766 699 3817 l'id.
750 3765 854 3814 carmine
865 3762 987 3827 Eleginco.
1021 3762 1096 3821 Quod
1106 3771 1187 3813 autern
1194 3759 1246 3811 oii-

203 3838 307 3888 Broullr.
328 3839 359 3888 ad
377 3837 465 3887 Tibull.
486 3838 513 3887 ii.
535 3840 604 3903 Eleg.
627 3839 658 3887 vi.
679 3842 699 3888 I.
750 3839 784 3888 dii
801 3839 890 3888 llledea
906 3837 987 3902 Elcgr‘s
1002 3838 1152 3889 carminibus
1167 3836 1258 3903 wripln·

203 3912 328 3961 Diversum
340 3929 394 3961 vero
405 3911 475 3963 fnisse
486 3914 516 3961 ab
528 3929 556 3962 eo
567 3913 607 3977 qui
627 3913 701 3963 Iliaco
750 3913 829 3969 luerit,
845 3921 929 3978 proter
949 3910 1067 3967 connino,
1091 3928 1147 3977 quo
1165 3913 1248 3961 &neu

202 3985 295 4051 scripsit
300 4005 308 4047 3
325 3999 348 4036 et
358 3986 420 4035 male
430 4003 485 4037 cum
502 3987 553 4053 ipso
568 3988 700 4043 contusum,
750 3988 817 4043 citat,
838 3985 942 4034 ostendit
960 3984 1011 4049 lpse
1028 3984 1100 4051 Eleg.
1118 3984 1138 4035 i.
1157 3986 1212 4035 libs
1225 3984 1248 4031 3.

202 4061 324 4109 contendit
333 4061 485 4118 Wemsdorff,
498 4063 526 4111 I’.
542 4063 570 4111 L.
589 4064 626 4110 Ill.
645 4072 700 4111 tom.
751 4060 875 4115 Amorum,
891 4058 1007 4107 inducens
1023 4058 1117 4124 Elegia
1133 4071 1249 4125 personum

201 4127 333 4199 inpone.
355 4137 443 4183 Auru.
752 4134 781 4181 ad
792 4132 942 4198 l'ragoediam
952 4130 987 4180 sic
998 4130 1158 4196 loquentemz
1190 4154 1193 4159 ·
