2896 4980
196 344 262 409 334
493 343 531 407 Ρ.
556 340 717 408 OVIDlI
743 338 955 408 NASONIS

199 516 335 603 Quam,
354 528 458 615 puto,
477 517 525 590 de
543 516 664 612 longa
680 514 877 589 collectam
895 515 986 588 flore
1004 516 1145 600 cicuta,

249 632 366 705 Melle
384 633 455 705 sub
473 630 600 704 infami
617 630 774 703 Corsica
790 631 892 703 misit
910 630 1005 728 apis.
1186 632 1221 702 ll)

198 747 262 833 At,
281 758 474 843 tamquam
493 747 618 839 minio,
638 746 788 843 penitus
807 745 993 818 medicata
1011 744 1173 818 rubebas.

249 860 318 936 Ille
336 864 438 935 color
454 887 540 936 vere
560 861 866 957 sanguinolentus
884 871 976 934 erat.
1089 852 1094 865 '

199 976 384 1074 Projectae
402 978 517 1049 triviis
532 977 703 1073 jaceatis,
723 976 854 1049 inutile
872 977 1037 1072 lignum:

248 1091 402 1188 Vosque
422 1105 511 1164 rotae
529 1092 674 1186 frangat
692 1092 950 1189 praetereuntis
968 1116 1075 1164 onus.

198 1207 310 1279 Illum
329 1207 454 1291 etiam,
475 1207 540 1303 qui
554 1231 620 1278 vos
639 1229 687 1279 ex
706 1206 837 1278 arbore
855 1208 965 1279 vertit
983 1207 1021 1278 in
1039 1230 1153 1289 usum,
1182 1207 1217 1275 15

248 1323 478 1395 Convincam
496 1344 608 1419 puras
627 1345 701 1392 non
719 1320 896 1393 habuisse
913 1345 1061 1394 manus.

198 1436 367 1509 Praebuit
384 1438 447 1510 illa
464 1438 573 1509 arbor
591 1438 726 1508 misero
744 1437 950 1534 suspendia
966 1438 1082 1510 collo:

121 1558 153 1599 s
248 1552 424 1625 Carnifici
442 1552 541 1624 diras
560 1551 720 1649 praebuit
738 1551 801 1623 illa
818 1576 962 1625 cruces

200 1666 271 1740 Illa
286 1668 392 1740 dedit
409 1678 538 1764 turpes
557 1668 678 1739 raucis
697 1668 910 1740 bubonibus
929 1668 1099 1740 umbras:

248 1783 416 1855 Vulturis
434 1784 471 1855 in
490 1785 601 1856 ramis
620 1793 658 1857 et
676 1784 800 1878 strigis
818 1807 889 1856 ova
905 1783 1004 1856 tulit.
1177 1782 1216 1849 20

197 1897 268 1970 His
287 1923 357 1993 ego
375 1901 544 1971 commisi
564 1912 709 1972 nostros
728 1899 880 1971 insanus
899 1920 1058 1981 amores,

248 2013 455 2110 Molliaque
474 2016 522 2087 ad
539 2015 729 2088 dominam
747 2015 862 2086 verba
879 2011 1034 2087 ferenda
1050 2010 1155 2084 dedil

196 2129 331 2226 Aptius
350 2130 407 2201 hae
427 2131 576 2227 capiant
593 2131 805 2203 vadimonia
823 2129 971 2225 garrula
988 2150 1095 2210 certe,

247 2243 351 2327 Quas
369 2244 505 2341 aliquis
524 2247 617 2318 duro
634 2244 805 2339 cognitor
821 2268 884 2317 ore
902 2244 1016 2338 legat.

231 2449 269 2495 10.
289 2447 358 2496 Melo
373 2448 414 2495 sub
431 2448 513 2513 irfimri
526 2448 616 2495 Corsica
633 2449 694 2494 misit
743 2445 824 2503 edere,
836 2444 969 2510 quistatim
979 2460 1009 2493 ιο
1017 2443 1066 2493 uti
1075 2440 1220 2491 antevolent.

194 2522 266 2584 opu]
291 2522 418 2585 Propterea
432 2520 494 2584 quod
514 2520 617 2569 Corsico
637 2536 694 2583 apes
745 2520 836 2569 Plinius
846 2536 901 2567 vero
911 2518 954 2568 lib.
965 2536 990 2567 x.
1001 2534 1056 2584 cap.
1067 2516 1092 2566 6.
1108 2522 1220 2564 metm

194 2608 300 2641 amarum
312 2595 358 2642 mel
368 2603 498 2658 procreant,
515 2594 652 2643 abundante
669 2594 694 2641 in
744 2594 800 2643 dare
811 2602 836 2642 et
846 2593 975 2650 nidificare,
986 2591 1029 2641 sed
1043 2592 1069 2640 iu
1077 2586 1221 2640 afflui·

194 2681 224 2713 oa
242 2665 319 2713 insula
329 2679 393 2722 taxo,
405 2666 516 2715 videlicet
526 2667 606 2715 arbore
624 2682 693 2715 reue·
744 2668 842 2734 rupibus
853 2675 960 2723 testatur,
971 2676 996 2715 et
1006 2666 1060 2715 ideo
1071 2662 1179 2713 nussim
1186 2658 1220 2709 dt·

196 2748 258 2796 nata,
270 2747 296 2787 ut
310 2738 373 2786 Plin.
384 2740 465 2787 tradit.
499 2741 596 2788 Mrcru.
745 2758 816 2805 quern
834 2758 914 2789 eorum
929 2756 975 2789 ova
992 2749 1035 2789 aut
1050 2738 1126 2805 pullos
1141 2736 1220 2785 silbe

231 2813 268 2858 ll.
288 2812 362 2858 Minio
371 2815 462 2874 pertitus
472 2813 606 2875 medicata]
620 2810 693 2859 Mlul·
745 2816 834 2864 Mirum
859 2826 895 2865 est
923 2815 995 2864 eliam
1021 2813 1144 2869 vulturem,
1167 2822 1221 2859 Μ

197 2886 693 2950 urn,cujusrepertoremluissetreditheo·
744 2890 853 2946 faustam,
865 2897 889 2937 et
897 2905 926 2937 ex
937 2887 1044 2953 Auguria
1051 2885 1145 2935 Rotuull
1153 2882 1221 2934 stlte·

194 2958 312 3021 pulsus,
323 2962 393 3021 (περὶ
403 2958 693 3017 niuosacuuamnue-
744 2962 776 3009 mi
796 2961 925 3009 reuersum
942 2961 1027 3009 omino
1042 2959 1153 3015 uastam,
1167 2944 1221 3025 (vlo

195 3032 310 3088 nienseru,
323 3047 383 3080 cera
395 3049 563 3097 nonnunquam
574 3032 691 3080 immisce·
743 3045 829 3101 prator
847 3036 905 3084 alios
919 3036 980 3085 Stat.
990 3034 1026 3084 iii.
1038 3034 1095 3083 50⁷.
1110 3042 1135 3083 et
1144 3032 1175 3083 iti
1182 3030 1219 3081 11·
1239 3058 1244 3071 ·

194 3105 272 3161 batur,
286 3121 334 3170 qua
344 3106 444 3154 tabellas
455 3118 547 3155 veteres
562 3107 694 3154 illinebunt.
743 3108 853 3163 tatium.)
876 3109 914 3156 hio
932 3110 1001 3173 jungi
1025 3124 1079 3157 cum
1102 3108 1188 3157 bubm
1201 3110 1221 3151 el

195 3178 241 3225 Sed
252 3179 305 3242 plus
315 3196 384 3242 atquo
393 3182 501 3227 uuoomn
512 3180 560 3227 illu
568 3180 598 3227 do
608 3178 694 3243 quibus
743 3183 824 3246 strigo.
859 3183 948 3230 Brun.

196 3250 234 3297 lric
245 3253 329 3313 agitur,
341 3260 365 3298 et
376 3262 441 3300 erant
452 3256 520 3317 quasi
532 3255 694 3317 sauguinolen-
778 3258 818 3304 23.
836 3258 918 3317 Aptius
926 3257 1064 3316 laecupiont,
1072 3252 1129 3317 ἂι]
1140 3248 1220 3303 ΜεΙῙΙι

196 3333 231 3376 tr,
243 3324 306 3386 quod
317 3334 387 3388 poeta
398 3325 422 3372 in
435 3326 524 3373 malurn
535 3342 604 3373 omen
615 3325 693 3374 vertit.
745 3328 930 3377 convenientius.
977 3327 1123 3385 l'adimonla5
1148 3326 1175 3374 sb
1191 3338 1221 3371 1·

195 3395 284 3443 Auru.
744 3405 805 3457 dari,
817 3403 855 3450 vel
866 3403 998 3457 consulturi,
1009 3399 1072 3464 quod
1080 3408 1116 3449 est
1125 3394 1221 3465 injud-

231 3469 353 3531 Rubebas.]
376 3471 482 3518 Fortasse
508 3486 521 3519 a
546 3471 611 3534 ligno
632 3472 695 3519 huuc
745 3488 803 3532 tare,
819 3476 857 3524 die
868 3476 946 3524 dicta:
964 3475 1020 3523 bino
1032 3491 1078 3529 ror.
1088 3474 1128 3522 ille
1137 3470 1220 3539 quill!

195 3543 296 3590 colorem
306 3543 407 3590 halrebat
419 3561 488 3592 cera:
507 3555 573 3592 eraut
585 3546 694 3592 enimus
745 3551 819 3597 altero
830 3548 938 3613 spondet,
949 3551 1100 3596 audimouium
1113 3540 1220 3613 pmnlllll·

195 3618 290 3665 tabella
299 3620 338 3679 (ut
349 3634 419 3682 supra
430 3618 490 3666 dixit
502 3619 579 3671 Naso)
591 3634 691 3667 acerna.
744 3624 777 3672 132
792 3632 871 3671 autem
887 3626 949 3671 nadis
969 3638 1054 3671 nomeu
1071 3620 1117 3670 duo
1131 3620 1220 3671 (lem

196 3693 226 3740 Et
237 3691 329 3740 Plinius
340 3691 382 3739 llb.
398 3693 435 3739 16.
449 3692 505 3739 dum
523 3693 597 3739 acuns
607 3708 693 3755 genera
743 3712 797 3744 eum
816 3697 854 3744 cui
875 3696 926 3744 dies
942 3696 1007 3745 dicta
1023 3697 1062 3751 sit,
1075 3704 1099 3744 et
1112 3694 1174 3742 illm
1185 3685 1219 3755 qd

196 3768 271 3815 multu
288 3766 368 3832 ponit:
391 3766 491 3813 'renum
509 3782 590 3829 genus,
607 3766 691 3830 iuquit,
743 3788 784 3834 pro
795 3771 835 3817 illo
847 3771 893 3818 fide
900 3770 988 3835 jussit;
1006 3769 1075 3819 sicet
1087 3764 1219 3817 nm

196 3842 292 3905 Zygiam
309 3843 422 3888 turbantem
431 3843 502 3903 fissili
522 3843 592 3903 ligant,
610 3842 693 3888 urrtire
742 3845 802 3893 duas
814 3860 907 3909 quoque
919 3860 955 3891 res
966 3844 1094 3908 signifieat:
1110 3834 1220 3909 iptlllfl·

196 3917 265 3962 lirido
275 3924 296 3962 et
307 3917 391 3962 scabro.
425 3915 539 3962 orimus.
742 3918 856 3981 φάνειαν,
872 3916 1054 3975 exhibitionem
1068 3924 1093 3964 et
1107 3908 1220 3979 lm*

226 3991 266 4036 20.
287 3988 414 4053 Vulturis]
435 3988 509 4054 Atqui
522 3986 631 4036 AElianus
648 3988 691 4035 lib.
742 3992 844 4056 ἐγγύην,
852 3980 1220 4055 εκΙιίὺίῑίουὶεςρουςίοωιθᾷ·

195 4063 221 4109 ii.
234 4063 298 4110 llist.
311 4065 351 4110 48.
370 4063 428 4110 dicit
440 4062 544 4110 vultures
558 4077 604 4108 non
615 4061 692 4109 nidifi-
742 4069 805 4113 rulo.
840 4064 977 4114 Forensium
993 4052 1220 4129 loquacitatem*

195 4151 257 4192 care,
280 4151 357 4200 neque
377 4152 421 4185 orn
441 4151 537 4200 ponere,
557 4134 598 4182 sed
615 4136 692 4200 pullos
742 4146 780 4187 tur
790 4138 955 4204 perstringere.
987 4137 1078 4185 Διιι.
