2896 4980
194 304 257 365 ’211
485 300 522 363 P.
549 301 706 363 ot'rbrt
735 300 946 365 NASONIS

197 475 304 547 Vana
323 485 420 571 peto,
442 472 693 571 precibusque
713 475 805 547 meis
824 476 1081 547 obmurmurat
1098 474 1194 572 ipse:

247 592 426 685 Quasque
443 591 576 685 quatit,
597 590 699 661 nullis
720 602 825 686 parte
843 591 990 662 coercet
1007 614 1138 686 aquas.

199 706 309 778 Nune
328 708 433 778 duret
452 709 613 779 audaces
634 708 773 779 utinum
794 707 882 777 inihi
904 706 1083 778 Daedalus
1101 705 1192 779 alas!

250 822 407 894 icarium
422 824 591 917 quamvis
611 822 670 892 hic
690 846 806 918 prope
825 822 911 892 litus
931 822 1050 895 adest.
1187 824 1229 893 50

198 938 391 1033 Quidquid
405 950 496 1017 erut,
514 940 652 1033 potiar:
673 939 785 1009 licent
799 939 909 1009 rnodo
925 961 1063 1035 eorpus
1079 939 1228 1010 inauras

247 1053 410 1138 Tollere;
439 1055 541 1149 quod
559 1054 675 1125 dubiir
695 1078 797 1149 saepe
816 1054 997 1150 pependit
1014 1054 1125 1149 aqud.

198 1169 357 1254 Interea,
377 1171 468 1241 dmn
489 1184 627 1242 cuncta
645 1181 783 1265 negant
800 1170 977 1264 ventique
996 1168 1214 1264 fretumque,

247 1286 378 1359 Mente
397 1288 497 1381 agito
515 1288 600 1359 furti
621 1298 789 1383 tempora
809 1286 929 1381 prima
946 1286 1032 1356 mei.

201 1395 1229 1499 Norerutincipiens(nunrqueestinerninissevoluptas)

248 1519 346 1590 Cum
365 1518 505 1591 foribus
524 1520 654 1617 patriis
673 1518 893 1613 egrediebar
911 1541 1053 1589 amans,
1188 1517 1228 1587 56

200 1633 233 1704 N
238 1658 280 1705 ee
300 1660 415 1718 mora,
435 1637 607 1733 deposito
626 1636 764 1733 pariter
782 1659 867 1707 eum
886 1646 990 1707 veste
1009 1634 1153 1715 timore,

246 1749 268 1819 J
273 1752 444 1822 octabam
464 1752 607 1847 liquido
628 1751 779 1823 brachia
796 1751 898 1823 lenta
917 1750 1020 1822 mari.

198 1864 304 1938 Luna
320 1866 397 1939 fere
415 1869 613 1969 tremulum
634 1869 827 1965 praebebat
841 1868 966 1939 lumen
985 1866 1102 1951 eunti,
1187 1942 1190 1947 ,

250 1980 302 2053 Ut
320 2006 445 2054 comes
465 1985 502 2053 in
521 1996 665 2057 nostras
684 1984 848 2055 officiosa
866 1983 957 2055 vias.
1188 1981 1229 2050 60

200 2094 307 2167 Hanc
326 2121 396 2191 ego
415 2099 636 2195 suspiciens,
655 2099 809 2185 Faveas
830 2099 913 2172 Dea
931 2096 1104 2183 candida,
1118 2094 1212 2181 dixi3

249 2210 298 2284 Et
316 2215 476 2287 subeant
493 2216 616 2286 animo
636 2216 782 2289 Latmia
799 2239 891 2288 saxa
909 2226 986 2287 tun.

200 2326 286 2400 Non
304 2329 402 2401 sinat
421 2328 634 2427 Endymion
653 2343 690 2404 te
709 2331 870 2429 pectoris
889 2353 972 2403 esse
990 2328 1123 2401 severi.

248 2444 388 2529 Flecte,
408 2469 551 2541 precor,
571 2448 694 2518 vultus
713 2448 759 2519 ad
778 2470 861 2519 mea
875 2445 973 2517 furta
989 2455 1088 2516 tuoe.

197 2718 293 2781 ulysses
311 2719 375 2766 venit
393 2718 453 2765 inter
470 2718 637 2782 navigandum,
650 2721 690 2784 qui
742 2720 807 2767 Intra
818 2718 924 2783 Epistola
933 2714 1019 2771 Herus,
1031 2716 1121 2763 Annuit
1133 2712 1230 2777 itiusm-

196 2791 271 2839 veniis
290 2792 430 2856 imperabat.
449 2791 479 2840 de
499 2810 546 2856 quo
565 2792 647 2840 eodem
667 2804 691 2842 et
740 2795 874 2842 mesms.
896 2792 965 2838 me
969 2790 1037 2854 fretu
1047 2789 1138 2838 Sehott.
1149 2787 1175 2835 ii.
1185 2786 1231 2835 obt·

195 2864 233 2912 bic
251 2864 346 2912 dicitur.
381 2865 488 2912 :tltemm
504 2875 582 2914 nutem
601 2876 691 2930 patrem
742 2872 784 2917 55.

196 2939 690 3005 Sulrnonci,Crethei.Sispphnstthomon-
775 2942 816 2988 60.
845 2939 873 2986 In
896 2938 1003 3000 nostros]
1032 2932 1231 2989 Balliniensium

195 3010 225 3059 tis
236 3021 260 3059 ct
274 3022 411 3069 ceterorum,
422 3014 452 3060 de
463 3016 549 3077 quibus
565 3015 652 3078 passim
667 3017 692 3062 in
743 3027 824 3070 iustus,
836 3031 882 3061 non
894 3012 1003 3060 absurde.
1014 3010 1064 3059 rid.
1075 3010 1106 3058 ad
1116 3008 1150 3057 iii.
1160 3008 1232 3057 Am-

197 3085 283 3133 fubulis
293 3088 380 3133 mentio
392 3088 424 3135 fit.
459 3090 553 3136 bhcrr.
743 3090 758 3136 i.
770 3091 808 3136 40.
827 3088 860 3135 itu
871 3087 944 3150 Epist.
957 3102 1006 3148 seq.
1021 3086 1076 3132 164.
1093 3093 1160 3133 rosta
1169 3096 1230 3146 aqu.

229 3161 269 3206 57.
291 3160 402 3223 Tium]
432 3163 520 3209 Pmtorr
541 3162 692 3211 Basilcrnsis.
744 3164 790 3211 xir.
802 3163 904 3208 Metam.
917 3161 973 3206 438.

196 3232 314 3286 Seriverii,
322 3237 391 3293 posito
399 3254 449 3282 rum
462 3248 533 3282 riunire
543 3239 635 3297 pudore.
645 3237 693 3284 rid¹
777 3239 933 3297 Ancipitesque
948 3237 993 3281 m'as
1004 3242 1024 3280 et
1037 3236 1081 3280 iter
1091 3232 1232 3281 Titaniaw·

198 3307 229 3353 ad
241 3305 317 3369 Epist.
331 3308 502 3369 pimenem.
534 3310 693 3357 Libmriicor·
810 3320 856 3356 tuor
871 3309 976 3355 Dixerat.
1119 3306 1205 3355 Bou.

198 3389 311 3443 ruperunt
322 3379 384 3426 bunc
395 3381 481 3431 locum.
493 3382 549 3444 quia
560 3383 631 3445 vulgo
640 3384 692 3447 jnc—
777 3385 817 3429 62.
837 3382 938 3443 Animo]
968 3379 1121 3427 Lorauiensis
1145 3389 1170 3428 et
1193 3388 1234 3427 tm

197 3455 292 3500 tubutur
325 3453 384 3499 illud
419 3455 600 3517 Pythagoricum
630 3457 694 3519 (vid.
745 3458 794 3510 alii,
816 3459 900 3503 animos
922 3466 979 3501 tuos.
1002 3453 1111 3517 quamvis
1131 3453 1192 3502 enim
1207 3467 1232 3499 u·

199 3529 277 3575 Laert.
287 3526 337 3573 viii.
350 3528 405 3585 43.)
414 3544 467 3574 cum
477 3528 580 3576 testibus
591 3546 641 3577 esse
654 3548 693 3578 ve·
745 3543 854 3594 uumque
871 3540 934 3577 recte
951 3528 1059 3583 dicatum
1077 3527 1140 3591 (vid.
1151 3528 1181 3577 ud
1195 3528 1233 3591 Ep·

198 3599 334 3647 recundiam
362 3601 503 3664 ponendam,
528 3619 628 3666 cumque
648 3604 694 3652 illis
746 3606 776 3650 ir.
792 3603 968 3655 23.)usitatius
984 3612 1133 3650 tamencum
1146 3614 1233 3651 accun-

197 3674 378 3732 resumendam
396 3676 425 3721 ad
443 3692 495 3738 qum
514 3685 538 3721 rt
558 3678 641 3724 nosos
658 3694 693 3725 ru·
745 3678 793 3725 tiro
804 3679 860 3726 dicit
877 3680 944 3725 Serv.
957 3676 987 3724 ad
1001 3675 1067 3739 Virg.
1080 3676 1128 3724 viii.
1146 3672 1233 3725 AEneid.

197 3749 274 3813 sperit
286 3749 328 3794 lib.
342 3749 375 3795 iii.
387 3749 465 3797 Amor.
478 3750 528 3796 xiii.
543 3752 580 3797 18.
593 3760 615 3797 et
625 3769 692 3816 seqq.
748 3753 802 3798 125.
814 3753 847 3800 sie
859 3753 928 3814 t'irrg.
940 3768 962 3797 x.
974 3752 1031 3797 824.

197 3823 246 3870 rid.
259 3833 281 3869 et
294 3822 386 3870 Schott.
398 3823 428 3870 nd
440 3823 524 3870 nui-vl.
539 3824 628 3872 i'ietor.
641 3826 692 3873 Cae-
781 3827 876 3873 Mentem
888 3827 955 3872 subiit
963 3827 1055 3885 pictatis
1066 3828 1146 3890 imago.

197 3914 243 3944 sor.
256 3913 308 3961 cup.
321 3897 370 3943 xxi.
406 3898 493 3945 lumi.
746 3910 760 3925 ¹·
775 3901 891 3946 [nimium
910 3909 1012 3947 montem
1028 3898 1146 3962 designat,
1160 3896 1232 3961 Endy-

230 3974 270 4019 59.
299 3972 365 4018 burm
388 3975 440 4019 mibi
469 3972 589 4018 tremulum
619 3974 692 4019 Iururu
745 3973 940 4025 mionisatnua,
950 3984 976 4019 ut
988 3972 1073 4027 terunt,
1085 3972 1194 4027 adamati,
1203 3970 1233 4017 ft·

196 4047 400 4107 sciturnomen]
422 4046 548 4109 Inimijire
561 4044 694 4093 Puteaneus
745 4047 800 4094 buln
813 4047 941 4094 mnium*
963 4048 1024 4094 Met.
1034 4046 1050 4094 i.
1065 4047 1103 4093 17.

197 4129 220 4165 et
232 4119 271 4165 ulii
282 4119 364 4177 mutti3
381 4120 498 4184 quommto
508 4135 571 4183 supe
583 4120 691 4168 Ovidius.

788 4568 1011 4698 A
