2896 4980
210 324 276 389 856
504 327 543 393 P.
566 324 730 391 OVIDII
753 326 967 395 NASONIS

215 497 388 595 Denique
405 524 501 597 quas
519 502 598 574 toti
614 501 816 598 quisquam
831 503 966 599 probet
980 500 1088 576 Urbe
1101 504 1244 603 puellas,

264 613 402 689 Noster
419 619 456 689 in
473 618 542 690 has
559 641 690 692 omnes
708 616 930 691 ambitiosus
947 641 1069 691 amor.

566 946 810 1021 ELEGIA
855 944 901 1025 V.

212 1098 347 1171 Nullus
366 1123 469 1171 amor
486 1098 577 1171 tanti
598 1109 672 1181 est;
702 1098 848 1192 (abeas,
859 1097 1076 1196 pharetrate
1090 1098 1243 1199 Cupido)

261 1214 315 1289 Ut
331 1215 420 1287 mihi
440 1215 516 1287 sint
533 1214 644 1287 toties
662 1212 828 1285 maxima
844 1222 930 1285 vota
948 1213 1057 1287 mori.

209 1328 307 1404 Vota
324 1331 416 1404 mori
435 1354 520 1403 mea
537 1341 636 1414 sunt,
656 1352 743 1401 cum
760 1339 799 1402 te
818 1351 999 1425 peccasse
1019 1331 1199 1404 recordor.

258 1445 332 1521 Hei
351 1447 454 1533 mihi,
473 1457 697 1545 perpetuum
716 1455 805 1518 nata
822 1445 948 1541 puella
964 1442 1123 1519 maium!

209 1561 245 1633 N
248 1587 295 1636 on
314 1565 403 1636 mihi
422 1564 557 1637 deletae
575 1563 718 1635 nudant
735 1572 802 1634 tua
819 1559 919 1635 facta
934 1562 1105 1638 tabellae:
1222 1568 1241 1635 5

258 1678 293 1750 N
297 1704 346 1751 on
363 1681 452 1753 data
468 1680 602 1753 furtive
621 1698 776 1751 munera
792 1678 934 1751 crimen
952 1678 1107 1752 habent.

208 1793 241 1863 Ο
261 1794 403 1868 utinam
421 1819 615 1892 arguerem
634 1795 700 1881 sic,
719 1806 855 1868 utnon
871 1794 1021 1868 vincere
1039 1794 1202 1893 possem!

256 1907 323 1983 Me
340 1912 534 1983 misemm!
562 1934 678 2008 quare
695 1920 773 1983 tam
791 1909 892 1983 bona
909 1932 1045 1984 caussa
1061 1934 1145 1984 mea
1160 1908 1232 1983 est?

208 2024 326 2111 Felix,
346 2027 411 2122 qui
430 2027 530 2123 quod
550 2039 651 2099 amat
668 2025 869 2099 defendere
887 2024 1032 2099 sortiter
1048 2027 1177 2099 audet:

257 2140 329 2214 Cui
347 2166 427 2228 sua,
448 2140 536 2214 Non
553 2142 638 2228 ieci,
656 2141 784 2215 dicere
802 2139 924 2214 amica
939 2149 1080 2238 potest.
1205 2144 1241 2212 10

207 2255 364 2331 Ferreus
382 2267 452 2344 est,
472 2258 705 2357 nimiumque
723 2281 792 2331 suo
809 2257 909 2331 favet
926 2257 989 2331 ille
1006 2257 1137 2344 dolori,

256 2372 328 2445 Cui
346 2374 486 2472 petitur
502 2375 602 2447 victa
621 2375 748 2473 palma
764 2383 919 2448 cruenta
935 2372 1012 2447 red.

206 2486 293 2585 ipse
312 2490 425 2563 miser
441 2489 529 2574 vidi,
549 2515 636 2563 cum
655 2516 716 2565 me
731 2491 893 2564 dormire
911 2500 1078 2587 putares,

255 2604 411 2679 Sobrius
430 2606 603 2704 adposito
621 2608 778 2682 crimina
794 2618 918 2680 vestra
935 2630 1052 2680 mero.

206 2718 328 2793 Multa
341 2720 541 2819 supercilio
559 2723 633 2795 vidi
651 2723 820 2796 vibrante
837 2722 1052 2819 loquentes.
1202 2722 1237 2792 15

254 2834 419 2910 Nutibus
437 2838 476 2908 in
494 2840 626 2911 vestris
644 2862 731 2937 pars
750 2838 849 2910 bona
865 2837 968 2910 vocis
983 2847 1076 2910 erat.

204 2950 239 3022 N
242 2976 290 3023 on
308 2952 407 3025 oculi
424 2964 576 3027 tacuere
596 2955 662 3040 tui,
683 2948 975 3050 conscriptaque
992 2954 1080 3027 vino

252 3066 404 3152 Mensa;
434 3092 503 3141 nec
522 3069 559 3141 in
578 3070 706 3166 digitis
724 3069 832 3141 litera
849 3069 951 3141 nulia
968 3068 1051 3140 fuit.

205 3183 422 3255 Sermonem
442 3188 590 3280 agnovi,
611 3187 713 3283 quod
732 3210 806 3259 non
824 3186 1007 3272 videatur,
1026 3197 1212 3280 agentem

251 3296 452 3396 Verbaque
471 3326 538 3399 pro
557 3305 669 3377 certis
683 3305 790 3400 jussa
808 3301 930 3375 valere
948 3299 1059 3373 notis,
1197 3300 1237 3369 20

198 3502 288 3558 egerat.
314 3495 356 3543 sed
383 3496 538 3547 lasciviorem.
561 3516 633 3564 qnare
655 3517 700 3566 ego
750 3502 857 3562 opposito.
868 3511 895 3549 ut
904 3508 980 3548 status
990 3496 1129 3547 dormientis
1137 3497 1162 3545 in
1175 3490 1236 3545 nidi·

199 3584 245 3617 nou
265 3568 357 3617 alienus
375 3584 450 3618 essem
472 3573 502 3619 ab
523 3572 568 3622 hac
588 3574 697 3637 lectione,
750 3574 797 3630 nio,
819 3589 892 3623 manu
909 3573 939 3622 ud
956 3589 983 3621 os
999 3579 1024 3621 et
1041 3571 1122 3621 oculo·
1136 3566 1237 3636 oppdfln

197 3658 251 3706 qun
263 3642 397 3691 exhiberet:
758 3646 874 3695 ndicetnr.
890 3645 943 3695 vide
961 3645 992 3695 ad
1008 3643 1107 3694 Patron.
1123 3659 1176 3709 cap.
1190 3636 1237 3691 lrri

230 3718 694 3784 Haemettorspoeamotuusnuptam.
748 3721 838 3767 Burni·

197 3792 230 3840 ur
241 3791 324 3841 esrem
337 3791 417 3841 mesu
428 3793 621 3844 arvernarum
635 3797 695 3848 rua,
780 3793 818 3841 16.
837 3792 897 3839 Pars
908 3792 985 3855 oona]
1010 3790 1071 3839 Pan
1086 3801 1154 3854 quoa
1167 3784 1234 3851 mtt-

196 3865 295 3929 puellas,
306 3880 359 3929 quar
371 3866 433 3914 inter
449 3867 566 3932 Phlogida
581 3879 606 3918 et
622 3871 694 3921 Chio-
745 3874 809 3915 cerat
820 3876 844 3914 et
855 3865 893 3914 hic
904 3864 1023 3921 Heinsius,
1033 3872 1061 3912 Μ
1072 3861 1235 3923 &libbam

195 3954 242 3987 nen
253 3938 316 4004 apud
329 3940 434 3989 Maniai.
452 3940 493 3990 iib.
510 3942 542 3991 xi.
559 3943 639 4009 Epigr.
656 3947 695 3997 61.
746 3942 803 3987 ⁶⁰1³st
811 3938 989 3988 usitaiissimllm
999 3946 1035 3987 0¹2
1042 3954 1084 4003 ΡΝ
1093 3952 1184 4001 ΜΨ·
1191 3932 1235 3985 TU·

196 4011 284 4060 Banu.
750 4012 883 4062 nunnoni.
895 4014 919 4060 2.
930 4013 1092 4077 etquisuoni
1119 4011 1201 4059 Banu.

231 4087 267 4133 14.
284 4088 388 4148 Apponito
406 4089 487 4152 mera]
523 4090 551 4138 In
572 4092 696 4159 Excerptis
780 4095 818 4143 19.
837 4093 904 4147 Quod
931 4112 975 4142 non
997 4096 1105 4142 uideatur
1123 4082 1232 4157 qm]

197 4156 296 4207 Putenni
306 4171 366 4217 erut,
378 4166 477 4225 amusim
488 4181 566 4213 mama
584 4167 642 4215 iorte
654 4184 695 4233 pro
746 4172 873 4218 Amatores
883 4169 945 4217 enim
963 4167 1069 4235 pluribus
1084 4164 1232 4232 prtoenfflss·
