2896 4980
194 336 261 403 Μ
491 334 530 398 Ρ.
554 332 715 399 OVlDlI
739 332 952 399 NASONIS

199 507 305 583 'l'unc
324 530 394 604 ego
409 519 449 581 te
465 507 599 582 vellem
616 507 728 581 celeri
745 508 893 582 venisse
910 508 1053 595 carina,

251 623 350 697 Cum
368 648 452 697 mea
467 623 658 720 virginitas
676 622 776 696 mille
793 622 913 720 petita
928 624 1065 723 procis.

202 739 243 813 Si
260 749 298 812 te
315 738 503 824 vidissem,
522 738 665 835 primus
682 737 730 811 de
748 739 851 811 mille
868 739 1016 815 luisses.
1167 744 1225 815 100

248 854 398 929 Judicio
415 856 560 929 veniam
578 855 633 927 vir
650 855 755 928 dabit
772 855 853 953 ipse
871 881 968 931 meo.

200 972 260 1046 Ad
277 997 453 1071 possessa
468 973 572 1046 venis
590 981 855 1070 praeceptaque
873 973 1011 1069 gaudia
1028 997 1146 1047 serus.

251 1088 349 1187 Spes
366 1100 432 1163 tua
447 1090 550 1163 lenta
566 1089 656 1163 fuit:
685 1090 786 1187 quod
805 1089 916 1186 petis,
936 1089 1029 1164 alter
1046 1090 1170 1164 habet.

202 1204 256 1280 Ut
272 1216 397 1280 tamen
416 1218 585 1304 optarem
603 1207 683 1280 fieri
699 1207 766 1279 tibi
785 1203 898 1280 'l'roia
914 1209 1067 1305 conjux,

250 1321 409 1396 Invitam
428 1323 482 1395 sic
501 1347 560 1396 me
578 1346 647 1395 nec
667 1321 864 1395 Menelaus
882 1324 1009 1397 habet.
1167 1324 1225 1395 110

201 1437 343 1512 Desine
361 1439 484 1525 molle,
504 1463 647 1537 precor,
665 1441 788 1513 verbis
806 1441 1015 1515 convellere
1033 1449 1184 1539 pectus:

252 1552 357 1627 Neve
374 1555 477 1640 mihi,
496 1578 610 1652 quern
627 1566 666 1628 te
684 1555 777 1629 dicis
796 1580 935 1642 amare,
954 1580 1060 1629 noce.

201 1669 279 1743 Sed
297 1670 389 1759 sine,
409 1696 523 1769 quarn
540 1673 671 1746 tribuit
688 1684 827 1747 sortem
846 1672 1022 1757 Fortuna,
1041 1671 1157 1745 tueri:

253 1784 335 1858 Nec
353 1788 513 1884 spolium
530 1788 646 1861 nostri
664 1799 774 1886 turpe
791 1789 944 1888 pudoris
962 1789 1072 1861 habe.

199 1901 252 1975 At
268 1900 397 1975 Venus
415 1903 485 1975 hoc
503 1915 615 2000 pacta
632 1915 711 1979 est:
740 1905 833 1977 etin
851 1905 937 1978 altae
953 1904 1114 1977 vallibus
1132 1900 1205 1976 Ida·
1250 1914 1253 1919 '

250 2017 343 2090 Tres
359 2018 428 2090 tibi
446 2042 487 2090 se
505 2019 625 2092 nudas
643 2019 848 2093 exhibuere
867 2019 981 2093 Deae:
1168 2018 1227 2091 110

202 2132 366 2230 Unaque
383 2156 470 2205 curn
488 2157 656 2230 regnum,
675 2135 765 2208 belli
782 2136 891 2208 daret
908 2134 1025 2209 altera
1041 2135 1206 2221 laudem;

251 2248 487 2345 Tyndaridos
505 2251 656 2346 conjuro
675 2251 786 2324 tertia
802 2251 910 2337 dixit,
929 2251 1015 2324 eris

202 2363 366 2438 Credere
384 2364 447 2437 vix
464 2365 639 2462 equidem
656 2367 824 2440 coelcstia
840 2389 996 2464 corpora
1013 2390 1167 2463 possum

250 2480 416 2554 Arbitrio
433 2480 589 2553 sormam
607 2483 852 2580 supposuisse
869 2493 947 2555 tuo.
1170 2482 1230 2553 120

201 2755 238 2805 nir
247 2753 337 2803 dictum
348 2754 413 2819 apud
430 2755 545 2803 Senecam
560 2754 603 2803 lib.
615 2752 651 2803 iii.
668 2755 698 2803 de
748 2756 807 2804 bant
815 2756 920 2805 codices.
936 2756 961 2803 bi
971 2756 1086 2812 diuellere,
1096 2752 1138 2803 alii
1151 2770 1234 2817 unper-

200 2829 240 2878 Ira
250 2843 304 2893 cap.
315 2830 357 2877 30.
391 2828 698 2894 Affirrnobo,inquit‚omni·
749 2847 811 2888 cem
839 2828 936 2895 quidam
960 2846 1110 2892 corrumpere,
1138 2826 1235 2879 nonnulli

201 2905 249 2959 bur,
260 2904 367 2959 Lentule,
372 2904 434 2969 fulli
445 2921 487 2960 eor,
499 2907 539 2967 qui
550 2914 571 2952 re
581 2914 666 2969 negant
676 2922 698 2952 or
748 2907 893 2961 contundere,
903 2906 1031 2966 compellere
1041 2903 1113 2951 etiarn
1127 2911 1184 2953 tres.
1198 2900 1235 2951 ted

201 2979 290 3027 babere.
299 2978 432 3027 Harusrur.
449 2978 508 3027 vid.
518 2980 595 3045 Epist.
603 2979 698 3029 ni.44.
749 2977 807 3026 nibil
819 2988 895 3026 muto:
912 2992 998 3041 magna
1007 2976 1071 3025 enim
1082 2975 1108 3025 in
1119 2977 1164 3027 boc
1173 2976 1236 3027 mbo

234 3055 290 3101 104.
310 3053 698 3118 Cummeorirginitnrmillrpetr'-
748 3052 792 3108 vis,
817 3061 842 3100 ct
864 3051 945 3116 major,
962 3066 1033 3115 quarn
1054 3050 1080 3099 in
1102 3052 1236 3117 ΜΝ.

200 3138 223 3175 tn
243 3126 339 3189 procis]
366 3127 501 3184 Procorm,
520 3129 561 3193 qui
580 3128 698 3178 lleleurrn
748 3127 802 3176 vide
816 3128 913 3175 Manut.
931 3125 962 3174 ad
977 3125 1057 3175 Cicer.
1072 3142 1097 3176 v.
1113 3126 1145 3175 ad
1159 3122 1236 3175 Ml·

200 3200 246 3247 sibi
256 3216 352 3248 uxorem
369 3201 495 3264 petierunt,
506 3203 602 3250 nomina
616 3212 641 3250 et
655 3218 697 3251 nu·
750 3203 789 3249 13.
808 3202 897 3249 Burri.

201 3288 280 3321 merus
294 3282 373 3321 exstat
390 3273 453 3338 apud
470 3273 638 3339 Apollodorum
654 3276 696 3324 lib.
784 3276 839 3322 113.
858 3274 961 3321 Fortuna
983 3272 1067 3335 tueri.]
1095 3275 1144 3323 Vel
1161 3282 1237 3325 natm

200 3344 234 3393 iii.
252 3346 324 3394 Cror.
748 3350 892 3397 Puteaneus.
918 3346 1036 3411 quomodo
1061 3356 1088 3396 et
1116 3349 1157 3398 ulii
1181 3363 1236 3398 cour·

237 3420 292 3468 107.
321 3421 358 3466 Ad
376 3437 469 3481 porsena
493 3424 554 3468 runis
575 3433 699 3485 prerepto·
748 3423 837 3488 plures.
855 3423 945 3471 Herus.
967 3420 1036 3469 Nihil
1046 3432 1122 3471 mutu.
1130 3423 1211 3473 Horat.
1219 3420 1235 3469 i.

202 3493 265 3555 qua]
294 3493 362 3541 Forte
389 3493 528 3557 elegantius,
551 3495 614 3558 quod
636 3496 699 3545 Gru·
747 3496 828 3546 Sani.
842 3499 865 3544 1.

202 3574 265 3615 tetus
281 3564 359 3614 codici
373 3582 415 3614 suo
430 3566 588 3631 arrcriprerat‚
599 3570 636 3617 Au
650 3586 699 3631 pos-
782 3572 829 3624 Qui
832 3572 875 3633 fit,
887 3571 1005 3624 Maceror,
1015 3578 1042 3616 ut
1053 3586 1117 3619 nm
1126 3588 1191 3634 qun
1201 3568 1237 3617 nti

200 3656 257 3689 usto
274 3642 337 3689 venir
352 3650 506 3704 praeceptoque
524 3644 611 3706 gaudio
631 3659 700 3693 terrra
812 3654 892 3692 urum

203 3713 417 3763 Dru.Hrrusrus.
448 3714 536 3763 Nescio
546 3731 576 3763 an
587 3732 633 3764 non
641 3734 699 3779 pnr-
783 3718 827 3765 Seu
837 3719 897 3766 ratio
910 3718 1005 3770 dederit,
1016 3732 1056 3764 reu
1072 3733 1119 3765 roro
1135 3717 1235 3780 Μ.

201 3799 310 3852 ceptoque
319 3797 424 3854 praestet.
441 3787 475 3837 ita
486 3789 548 3837 enirn
565 3790 609 3837 ribi
619 3790 699 3839 invita
812 3794 855 3839 illd

201 3863 289 3927 gaudia
309 3878 325 3910 a
342 3862 463 3918 Menelao,
481 3879 553 3927 quern
572 3880 700 3929 numquam
784 3866 987 3915 Conmrureirur.

203 3937 281 3986 valide
303 3952 394 3985 amasse
415 3953 462 3985 non
483 3937 581 3985 obscure
604 3938 700 3995 indicat,
750 3940 818 3989 Alias
834 3938 945 3988 confundi
963 3947 1072 3986 naturam
1089 3947 1114 3988 et
1122 3938 1235 4003 smum

204 4020 292 4076 erepta,
303 4011 516 4076 significabitque
527 4012 648 4060 maluisset
655 4013 700 4062 Pa·
750 4014 852 4063 vidimus
869 4015 899 4063 ud
920 4012 1035 4070 Quinctil.
1056 4013 1129 4063 Decl.
1146 4013 1179 4061 ix.
1200 4010 1233 4057 10-

204 4084 248 4132 ridi
258 4085 347 4141 durari
357 4085 446 4150 primur
456 4086 599 4136 advenisset.
611 4088 700 4136 Brun.
751 4097 775 4138 et
785 4089 851 4136 alibi.
868 4090 957 4137 Bunu.

241 4160 296 4209 111.
321 4160 474 4226 Convellere]
498 4163 570 4212 l'aric
592 4161 630 4211 bic
652 4170 700 4212 lur-
786 4156 1233 4226 119.Ca1orianunrm.]1)oovni·
