2896 4980
193 306 259 373 fflss
490 302 529 368 P.
552 299 714 367 OVIDII
737 299 950 367 NASONIS

201 479 296 566 Quae
314 488 395 553 rata
411 476 497 564 sint,
517 500 587 550 nec
605 486 643 551 te
660 474 797 549 frustra
812 475 1036 575 promiserit,
1054 487 1157 576 opto,
1189 480 1231 551 15

251 594 335 669 Hoc
353 594 442 668 mihi
460 618 545 692 quae
564 592 694 679 suasit,
713 603 833 666 mater
849 591 1012 679 Amoris,
1032 592 1114 667 iter.

201 710 238 785 N
241 735 377 808 amque
395 734 465 807 ego
482 708 608 785 divino
625 707 781 795 monitu,
800 732 848 781 ne
866 706 994 782 nescia
1011 732 1165 806 pecces„

251 825 446 900 Advehor:
475 835 514 898 et
530 834 654 922 coepto
671 846 748 895 non
764 823 845 897 leve
863 847 1002 897 numen
1019 824 1140 899 adest.

201 942 363 1016 Praemia
378 965 516 1039 magna
533 941 699 1040 quidem,
715 940 782 1013 sed
800 963 875 1013 non
892 939 1061 1015 indebita
1076 964 1208 1039 posco;

252 1059 426 1133 Pollicita
442 1069 501 1133 est
517 1059 681 1132 thalamo
697 1067 736 1132 te
755 1056 949 1154 Cytherea
964 1079 1061 1131 meo.
1189 1062 1234 1131 20

205 1174 288 1249 Hac
308 1175 404 1248 duce
424 1173 550 1271 Sigaeo
567 1173 701 1247 dubias
718 1172 742 1245 a
758 1172 865 1247 litore
881 1172 954 1246 seci

251 1290 382 1388 Longa
399 1289 606 1364 Phereclea
622 1313 690 1388 per
706 1288 803 1361 sreta
819 1311 946 1387 puppe
963 1287 1055 1362 vias.

200 1402 274 1481 Illa
288 1405 395 1481 dedit
410 1405 540 1479 saciles
558 1427 667 1478 auras
685 1413 892 1500 ventosque
909 1404 1109 1481 secundos.

252 1520 297 1594 In
315 1544 417 1595 mare
435 1520 609 1595 nimirum
623 1520 686 1618 jus
704 1518 818 1593 habet
835 1528 918 1592 orta
935 1520 1040 1593 mari.

202 1639 369 1713 Perstet:
390 1648 440 1725 et,
455 1649 497 1712 ut
514 1637 651 1738 pelagi,
667 1635 721 1709 sic
738 1634 900 1735 pectoris
919 1635 1072 1732 adjuvet
1088 1646 1235 1711 astum:

252 1753 408 1829 Deserat
425 1755 462 1826 in
481 1763 610 1853 portus
629 1763 669 1825 et
684 1773 770 1824 mea
786 1758 872 1823 vota
890 1773 991 1823 suos.
1189 1753 1233 1827 26

200 1868 405 1943 Attulimus
423 1870 605 1956 flammas,
624 1891 699 1940 non
717 1866 778 1939 hic
796 1865 1017 1953 invenimus,
1036 1866 1142 1958 illas;

252 1984 323 2059 Hae
341 1987 432 2059 mihi
449 1996 527 2060 tam
549 1987 670 2083 longae
689 2006 825 2057 caussa
839 1982 943 2056 fuere
961 1983 1043 2056 viae.

203 2100 304 2176 Nam
322 2126 448 2199 neque
464 2102 581 2177 tristis
599 2102 731 2188 hiems,
752 2124 876 2198 neque
894 2123 962 2173 nos
980 2100 1056 2174 hue
1073 2098 1214 2201 adpulit

252 2215 418 2291 Taenaris
437 2228 496 2293 est
513 2217 624 2292 classi
640 2228 741 2290 terra
757 2216 877 2315 petita
892 2240 999 2290 meae.
1111 2218 1234 2314 [error.

201 2330 239 2406 N
241 2357 285 2408 ec
302 2359 363 2409 me
381 2336 493 2409 crede
510 2333 646 2409 fretum
664 2356 809 2409 merces
826 2343 999 2431 portante
1017 2334 1144 2408 carina
1189 2332 1230 2405 31

252 2450 424 2527 Findere.
453 2476 548 2550 quas
566 2452 699 2537 habeo,
720 2448 771 2521 Dl
788 2459 975 2535 tueantur,
994 2472 1100 2547 opes.

202 2565 239 2640 N
241 2591 285 2642 ec
302 2567 412 2642 venio
430 2566 578 2667 Grajas,
596 2566 711 2641 veluti
729 2576 930 2664 spectator,
950 2566 999 2640 ad
1015 2567 1143 2641 urbes.

254 2683 408 2784 Oppida
425 2696 513 2758 suut
530 2683 634 2783 regni
651 2681 823 2756 divitiora
839 2683 926 2757 mei.

199 2887 262 2934 pm.
274 2888 321 2937 qno
331 2872 418 2923 Noster
427 2874 502 2923 utitrn
511 2875 585 2925 etiam
593 2872 697 2923 Nasode
745 2871 915 2940 'Appsdsom
932 2872 960 2924 al
976 2875 1041 2925 πᾶσι
1051 2873 1128 2925 mlv
1141 2870 1239 2939 'Mn

202 2946 336 2996 amantibus
346 2956 370 2997 et
380 2947 467 3013 puellis
483 2949 509 2998 in
523 2958 573 2999 toro
587 2948 699 3014 receptis.
810 2948 922 3015 yivom,

202 3019 286 3071 vidmd
294 3021 369 3087 apii.
375 3022 498 3071 dhrim.
503 3034 527 3073 et
532 3023 598 3072 dibi.
609 3023 698 3071 Buurr.
748 3022 780 3073 Ol
788 3021 810 3074 τ’
818 3024 897 3089 αύτῷ·
913 3023 965 3074 lut
974 3023 1028 3074 οὔτι
1036 3023 1100 3074 &dv
1114 3020 1239 3089 ltdbpm

233 3095 275 3144 22.
286 3094 367 3159 longa
378 3095 500 3145 Phereclea
505 3097 617 3160 persroto
625 3112 699 3159 puppe
812 3097 869 3164 ᾔδη.
1022 3098 1057 3149 11.
1067 3104 1097 3149 lt.
1106 3099 1149 3149 69.
1156 3113 1210 3163 sqq.

202 3171 258 3217 vim.
286 3169 366 3232 Pappa
378 3169 516 3229 Phereclum·
534 3169 698 3220 cuistruendae
749 3172 804 3221 Fuit
818 3183 897 3222 antem
914 3171 959 3221 hoc
973 3171 1121 3230 vaticinium,
1131 3170 1238 3239 quo'l'ro-

203 3240 253 3290 dux
271 3241 400 3291 Phereclus
418 3244 553 3307 prefuerat,
571 3244 613 3309 qui
633 3243 700 3291 Pari·
746 3245 798 3311 jani
805 3245 865 3311 jussi
875 3254 929 3296 sunt
937 3245 1001 3295 onni
1009 3261 1034 3295 re
1044 3244 1164 3295 maritima
1173 3242 1240 3295 sbti·

203 3312 260 3363 dem
276 3312 363 3364 deinde
379 3315 410 3363 ad
425 3316 515 3365 bellurn
526 3318 654 3382 Trojanum
663 3333 701 3365 se·
750 3336 817 3370 nere.
1122 3319 1212 3369 Arum

204 3397 302 3451 quutus,
321 3404 335 3436 a
351 3389 460 3438 Metione
478 3407 553 3440 casu
570 3400 619 3451 est3
634 3390 701 3440 debi·
783 3395 825 3443 27.
835 3395 984 3459 Attulimus]
997 3392 1244 3460 Propriousunum

203 3466 256 3511 tum
266 3460 387 3510 industria
398 3463 531 3526 premium,
539 3481 592 3529 qne
600 3473 635 3513 tot
644 3464 701 3515 Tro·
751 3468 781 3518 de
792 3467 830 3527 iis,
840 3469 881 3534 qui
892 3485 947 3518 cum
957 3486 982 3519 re
992 3468 1097 3535 quedam
1109 3468 1243 3523 adventum.

201 3533 265 3599 janis
276 3533 414 3599 Grecisque
425 3536 489 3586 mala
499 3538 614 3588 intulerit.
752 3551 779 3593 ut
789 3544 820 3593 nd
830 3544 872 3592 ills
883 3543 1007 3609 Propertii.
1017 3544 1062 3592 lib.
1073 3542 1099 3593 ii.
1107 3543 1134 3593 6.

238 3609 365 3674 Μηριόνης
372 3608 397 3659 δὲ
405 3609 524 3676 Φὶραλον
531 3612 702 3679 Ινὴρατο,τέκ·
768 3619 896 3666 Attulimus
903 3617 1246 3683 lougminsrstonastamuq

267 3682 413 3741 maruha,
752 3691 853 3742 Notavit
872 3692 1066 3756 diruendum
1092 3692 1243 3742 amma.

235 3754 392 3823 Ἁρμονίδεω,
403 3757 701 3826 ὅςχῳσὶνέτὶστατοδαί·
750 3767 825 3816 etita
841 3776 922 3817 contra
939 3770 1065 3817 tarnim
1081 3766 1134 3825 illa,
1151 3765 1177 3816 in
1192 3778 1241 3833 qn

267 3830 332 3882 daha
342 3832 428 3883 πάντα
750 3857 807 3891 casu
816 3841 952 3890 incidimus.
986 3842 1076 3890 Eunu.

235 3905 345 3970 Τιύχειν·
368 3907 442 3972 ἔξοχα
465 3907 513 3974 γάρ
537 3927 579 3972 μιν
603 3909 701 3975 ἐφίλατο
784 3918 825 3966 33.
841 3916 890 3965 Nec
908 3915 981 3978 ruah]
1005 3915 1073 3964 Venio
1088 3914 1180 3981 scripti.
1210 3909 1242 3961 'tl

270 3983 374 4042 Παλλὰς
383 3982 489 4046 'Allava
752 3993 824 4040 saluti
831 3998 966 4055 suspectum
974 3997 1010 4037 est
1017 3989 1048 4038 de
1056 3988 1151 4038 mendo.
1166 3987 1241 4036 flur-

232 4054 278 4116 Ὃς
287 4056 486 4125 ταὶἈλιξὰνὸρῳ
496 4060 629 4121 τεκτήνατο
637 4065 701 4123 νῆας
752 4080 815 4114 stus.
842 4064 873 4111 Et
884 4062 974 4119 merito,
982 4063 1090 4112 omittere
1098 4062 1161 4111 enim
1170 4060 1242 4111 solui

267 4130 340 4190 litas,
752 4137 1153 4207 illusparticults,oelutt,tanqun
1159 4136 1244 4187 mn-
