2896 4980
440 394 699 463 HEROIDES.
723 396 794 464 BP.
817 395 920 464 vm.
1134 396 1200 463 1⁰1

161 570 211 645 Ar
225 581 333 669 pater
350 568 515 645 AEacidae
533 571 745 669 promiserit
760 571 899 645 inscius
917 571 1011 661 ecti3

208 684 300 759 Pius
319 709 484 784 quoquc,
504 687 568 784 qui
587 686 687 785 prior
704 696 761 760 est
778 687 918 775 ordine,
938 687 1058 786 possit
1075 710 1178 763 avus.

160 800 256 875 Cum
273 802 342 876 tibi
359 803 560 890 nubebam,
579 803 670 876 nulli
688 825 772 876 mea
787 803 887 877 taeda
904 805 1085 879 nocebat:
1148 808 1196 878 35

208 918 250 992 Si
260 920 400 1017 jungar
417 918 576 1019 Pyrrho,
595 931 636 993 tu
654 919 745 991 mihi
763 919 875 994 lresus
892 919 977 993 eris.

159 1032 209 1109 Et
224 1047 332 1134 pater
349 1037 520 1134 ignoscet
536 1048 664 1110 nostro
683 1034 880 1111 Menelaus
897 1037 1034 1112 emori:

208 1150 416 1226 Succubuit
432 1153 516 1227 telis
533 1151 709 1251 praepetis
728 1152 809 1250 ipse
829 1153 912 1226 Dei.

158 1263 277 1351 Quem
295 1268 366 1341 sibi
383 1269 564 1367 permisit,
584 1290 721 1365 genero
739 1269 930 1367 permittet
948 1292 1132 1343 amorem:

205 1380 377 1458 Proderit
393 1385 568 1482 exemplo
586 1395 705 1458 mater
722 1395 847 1459 amata
864 1410 943 1459 suo.
1147 1389 1196 1455 40

156 1495 212 1571 'l'u
230 1499 331 1586 mihi,
351 1501 453 1598 quod
471 1501 579 1574 matri
597 1511 714 1598 pater,
734 1525 800 1575 es:
831 1524 926 1597 quas
945 1509 1073 1597 egerat
1090 1498 1176 1572 olim

204 1613 416 1691 Dardanius
434 1626 559 1715 partes
578 1616 732 1702 advena,
752 1615 923 1714 Pyrrhus
942 1616 1031 1711 agit.

155 1726 223 1803 Ille
240 1731 327 1806 licet
345 1733 474 1831 patriis
492 1732 571 1805 sine
589 1731 664 1804 fine
682 1731 874 1830 superbiat
892 1731 1007 1815 actis3

203 1843 254 1920 Et
269 1858 323 1934 tu,
343 1870 429 1946 quse
447 1847 596 1932 reseras
617 1855 702 1919 acta
718 1847 884 1944 parentis
902 1844 1031 1919 habes.

61 1959 367 2051 .-,„„,]'autalides
384 1987 526 2048 omnes,
545 1963 747 2060 ipsumque
764 1963 921 2058 regebat
937 1960 1121 2036 Achillen.
1145 1966 1193 2034 45

203 2075 276 2153 Hie
292 2103 379 2178 pars
397 2078 560 2167 militiae3
590 2079 766 2151 duxerat
784 2078 846 2151 ille
864 2077 1015 2150 ducum.

184 2292 223 2341 ³4.
242 2293 300 2342 Pius
307 2311 392 2358 proque
402 2296 441 2357 poi
450 2296 513 2355 prior
524 2303 553 2341 est
566 2295 645 2341 ordine
695 2293 775 2342 stricto
783 2294 837 2358 jure
848 2292 965 2342 adfirmari
979 2310 1047 2359 posse
1059 2293 1137 2341 video·
1151 2293 1192 2341 sed

148 2367 217 2425 possit
232 2367 308 2431 om]
337 2367 473 2416 Puteancns
490 2369 522 2415 Τὸ
540 2369 579 2429 qni
597 2383 644 2416 non
695 2382 790 2431 equum
801 2375 827 2415 et
843 2368 931 2416 bonum
946 2367 991 2417 buc
1007 2368 1032 2416 iu
1048 2383 1132 2416 caussa
1143 2366 1193 2415 vin·

152 2437 255 2489 exbibet.
280 2440 366 2490 deinde
383 2450 454 2502 posset
472 2440 551 2496 babet,
573 2450 599 2489 nt
620 2449 645 2490 et
663 2480 665 2484 ,
694 2437 747 2490 c'ere
764 2442 845 2497 debet,
856 2441 927 2490 Pater
943 2442 1088 2507 promiserat,
1105 2440 1193 2488 inscius

151 2510 192 2561 elii
201 2515 316 2564 nonnulli.
348 2517 429 2579 Lego:
694 2530 732 2563 me
749 2517 801 2580 jum
821 2531 873 2564 esse
889 2515 930 2563 elii
944 2516 1039 2576 datam,
1054 2514 1192 2579 Tyndareus

182 2587 242 2638 Pis·
256 2606 306 2652 quo,
321 2593 361 2653 qui
375 2589 429 2655 (vei
446 2588 518 2652 puori)
531 2592 595 2652 prior
612 2601 644 2638 est
694 2605 749 2638 vero
766 2605 806 2638 me
825 2589 949 2655 despondit
970 2607 998 2640 eo
1015 2599 1127 2654 tempore,
1144 2604 1193 2652 quo

213 2666 452 2727 wdimpoedomu.
693 2661 769 2713 libera
785 2673 810 2713 et
829 2665 889 2714 nulli
910 2665 982 2714 srnori
998 2663 1101 2713 obnoxia
1120 2679 1193 2714 eram.

151 2734 438 2805 Etprosrisrn'tsnperiori
449 2754 526 2787 versu.
552 2737 642 2789 Herus.
694 2737 774 2802 ireque
793 2739 836 2788 tibi
851 2741 901 2805 jam
913 2742 955 2806 jus
972 2741 997 2788 in
1012 2755 1051 2788 me
1065 2738 1190 2804 quesitum

150 2809 186 2859 Er
206 2811 370 2862 mendatium
390 2811 483 2861 Heinsii
507 2820 644 2875 sequeretur
694 2810 746 2867 fuit,
765 2813 829 2877 quod
847 2813 867 2860 si
883 2815 974 2863 auferat
992 2814 1064 2862 Pater
1079 2814 1132 2878 jure
1148 2829 1192 2861 suo

149 2883 236 2944 Am,
245 2885 287 2952 qni
297 2886 359 2952 prior
369 2895 406 2935 est
415 2885 505 2942 ordine,
512 2885 567 2951 plns
577 2901 644 2950 posse
694 2891 772 2942 utens,
787 2886 829 2934 tibi
844 2886 954 2951 injurium
972 2888 1051 2937 faciet.
1070 2886 1105 2935 ita
1120 2902 1190 2949 ergu-

149 2958 176 3009 'n
194 2960 283 3026 nuptiis
302 2962 389 3028 neptis,
407 2962 487 3017 Putre,
508 2961 575 3025 cujus
595 2960 645 3009 tilia
694 2966 812 3007 mentatur
828 2960 913 3008 Puella
926 2960 971 3010 sibi
982 2961 1071 3013 colores
1081 2978 1111 3009 er
1122 2976 1191 3024 equo

149 3044 209 3085 eut.
224 3035 268 3084 sod
284 3050 317 3084 en
332 3036 377 3085 boe
392 3034 476 3085 rationi
488 3043 513 3084 et
522 3033 570 3098 juri
579 3049 643 3082 eorn-
693 3039 718 3078 et
733 3031 796 3081 bono
806 3049 922 3098 querens,
934 3052 987 3098 quse
1001 3035 1153 3099 summojure
1164 3050 1190 3083 se

150 3108 215 3159 mi
229 3109 364 3168 mmm,
383 3109 535 3160 vehementer
551 3107 642 3157 dubito.
693 3104 850 3170 Neoptolemo
861 3106 945 3156 cedere
960 3109 1047 3158 debere
1063 3106 1190 3156 sentiebat.

149 3191 175 3233 st
183 3183 228 3233 bne
237 3182 284 3234 sebi
292 3185 364 3250 objici
374 3200 442 3250 posse
453 3183 580 3232 Hermione
590 3199 643 3231 sen·
694 3178 846 3245 Interpretes‚
857 3181 898 3245 qui
910 3181 994 3231 dicunt
1000 3181 1128 3248 Tyndareo
1136 3179 1190 3247 pius

150 3256 293 3324 Mune
301 3259 334 3308 sb
342 3258 396 3308 Avo
406 3267 511 3308 materno
520 3257 643 3323 Tyndareo
693 3262 760 3318 petre
771 3255 881 3313 valuisse,
890 3264 984 3321 propter
994 3256 1126 3307 absentiam
1136 3256 1190 3306 Me-

148 3328 289 3399 {qma
303 3342 354 3383 eret
369 3334 470 3382 Oreste.
492 3347 564 3398 quem
579 3346 642 3380 scru-
692 3328 764 3387 nelei,
775 3330 812 3379 vel
823 3331 1044 3396 emancipationem,
1055 3347 1132 3381 meres
1146 3348 1190 3380 nu·

149 3404 313 3471 puminns
323 3407 401 3456 verbis
411 3414 508 3456 conatur
515 3421 642 3461 removere,
691 3419 734 3467 gns
745 3413 828 3469 egunt.
862 3406 952 3453 lions.

148 3477 190 3529 nst
206 3496 262 3546 qn·
282 3489 392 3547 cormpta
409 3481 444 3530 ita
463 3480 553 3530 restitui
573 3496 641 3545 posse
724 3479 764 3528 41.
782 3479 818 3528 Tu
839 3480 918 3544 mitt]
937 3480 1049 3531 Imitatus
1069 3480 1190 3531 Ausonius

149 3553 257 3603 abitror:
691 3551 791 3603 Profess.
802 3571 843 3602 xx.

160 3654 163 3659 ·
179 3629 395 3692 ArmsrAEseidae
404 3631 531 3693 promiserit
540 3646 548 3686 ς
558 3631 641 3677 inscius
725 3626 760 3677 Tu
775 3629 831 3676 mitt
848 3632 906 3693 quod
922 3632 1020 3694 genitor,
1038 3632 1097 3694 qood
1114 3646 1188 3676 eous-

241 3708 298 3760 eeti,
755 3706 830 3751 colus.

162 3814 165 3819 -
211 3776 424 3842 Flammam
437 3781 500 3839 prior
514 3778 641 3833 estordins,
723 3777 763 3824 ⁴6.
781 3777 828 3825 Hic
840 3793 894 3838 purs
911 3779 1006 3832 militie,
1021 3780 1069 3825 dur
1084 3784 1133 3822 erut
1149 3776 1189 3822 s'lte

272 3853 399 3913 portitore.
573 3894 575 3900 .
691 3851 798 3914 duosam]
817 3852 888 3898 Hunc
909 3851 988 3898 locum
1008 3849 1124 3914 expressit
1145 3848 1187 3896 Se-

148 3922 247 3983 Dntn,
263 3925 306 3984 ait,
324 3926 369 3976 boc
384 3924 531 3982 adversariis,
547 3926 641 3974 Patrem
673 3939 675 3942 ⁴
692 3926 784 3973 neusin
795 3925 989 3989 Agamemnone:

147 3999 540 4065 “promisissest'secidmdemus
547 4016 641 4064 quoque
725 3999 771 4047 lter
785 4000 824 4046 itte
840 4000 1021 4063 regnandorum
1034 3997 1185 4057 Agrrnrernrron

148 4070 241 4124 him
258 4090 348 4133 uum,
365 4075 407 4141 qui
422 4075 484 4139 prior
499 4083 535 4123 est
551 4074 641 4129 ordine,
754 4076 847 4121 ducum.
1081 4068 1153 4117 Cror.

147 4147 245 4213 etenjus
255 4148 364 4197 voluntas
374 4156 429 4199 ente
438 4148 485 4196 Avi
496 4148 641 4196 voluntatem
692 4144 738 4193 Hic
754 4149 800 4194 dur·
814 4147 908 4198 militiae,
927 4141 1101 4191 Bronthnsinn
1111 4141 1187 4191 matu·

147 4224 184 4269 cet
199 4221 352 4279 mulcedo,
373 4224 428 4287 plus
446 4237 523 4286 posse.
542 4222 592 4270 hare
612 4238 640 4269 ex
691 4221 736 4269 isse
747 4220 844 4267 notabat
851 4218 972 4267 Francius.

691 4301 893 4365 na,
