2896 4980
205 386 270 451 182

496 382 534 446 Ρ.
558 378 718 446 0v1n11
743 376 954 445 NASONIS

209 559 297 632 Sive
314 556 441 630 colunt
457 556 702 651 habitantque
719 554 798 639 viri,
816 552 1017 627 diffidimus
1034 548 1122 623 illis.

260 673 447 747 Externos
464 673 577 746 didici
595 673 686 745 laesa
699 672 830 744 timere
846 670 957 744 viros.

207 788 358 864 Viveret
374 788 594 884 Androgeos
612 788 775 860 utinam:
808 810 879 859 uec
897 786 996 858 sacta
1011 782 1147 856 luisses

257 904 380 1003 Impia
395 905 598 990 funeribus,
619 903 780 1001 Cecropi
798 915 907 988 terra,
926 901 1022 975 tuisl

1175 898 1248 970 100

207 1020 242 1093 N
246 1046 289 1095 ec
307 1033 372 1097 tua
388 1032 591 1096 mactasset
608 1022 749 1093 nodoso
767 1020 906 1117 stipite,
926 1017 1089 1101 Theseu,

254 1136 383 1211 Ardua
400 1150 506 1237 parte
523 1138 640 1210 virum
658 1137 825 1221 dextera,
846 1146 950 1232 parte
968 1129 1123 1205 bovem!

206 1252 241 1325 N
245 1277 287 1327 ec
306 1254 386 1342 tibi,
407 1279 491 1351 quae
510 1253 650 1327 reditus
675 1261 936 1337 monstrarent,
955 1249 1018 1322 fila
1033 1240 1243 1321 dedissem!

255 1369 336 1444 Fila
352 1396 419 1470 per
437 1373 619 1445 adductas
637 1393 738 1467 saepe
756 1377 909 1465 recepta
924 1362 1077 1439 manus!

205 1484 293 1558 Nou
311 1489 487 1585 equidem
505 1488 628 1571 miror,
648 1484 679 1556 si
698 1494 773 1555 stat
789 1483 943 1556 victoria
959 1492 1097 1563 tecum,
1174 1476 1241 1551 105

255 1602 455 1700 Strataque
475 1604 661 1677 Cretaeam
678 1600 804 1673 bellua
821 1599 950 1673 stravit
967 1601 1135 1679 humum,

202 1920 323 1962 mutuatus
336 1913 436 1965 ridetur.
455 1916 498 1965 sed
517 1934 562 1966 non
579 1919 699 1981 cogitabat

202 1984 252 2042 ille,
264 1987 392 2038 Ariadnem
410 2000 531 2056 parantem
542 1992 609 2039 sibi'
602 2005 647 2041 rter
656 2009 699 2058 per

137 2072 143 2085 ⁴
202 2062 266 2117 aira.
275 2063 360 2126 pennis
374 2064 496 2121 adsumtis,
507 2080 554 2113 nou
571 2075 626 2130 apte
642 2066 700 2115 satis

202 2150 271 2199 posse
289 2136 353 2200 tingi.
380 2152 452 2202 quare
473 2147 530 2204 puto
551 2141 653 2205 eJectum
674 2151 698 2191 et

201 2207 254 2255 loco
275 2220 364 2259 motum
383 2212 511 2275 genuinum
532 2229 634 2269 versum,
657 2216 699 2280 qui

201 2284 309 2346 sequenti
323 2296 470 2350 pentametro
480 2287 556 2352 aptius
572 2288 697 2338 cohaereat.

201 2356 344 2406 continuisse
360 2375 415 2408 vero
433 2360 496 2408 hunc
513 2377 606 2410 sensum
625 2371 697 2427 puto:

200 2428 250 2477 sive
262 2430 356 2481 deserta
364 2443 401 2482 est
410 2442 434 2482 et
445 2433 527 2483 incolis
537 2437 698 2489 vacua.desti·

200 2510 253 2552 tuor
263 2507 344 2570 praedu
355 2508 418 2564 ieris,
426 2511 476 2559 siro
487 2510 567 2558 colunt
575 2510 627 2567 viri,
637 2511 697 2559 diffl-

199 2576 277 2627 dimus
288 2579 343 2629 illis.
360 2584 449 2631 Burrus.

233 2653 333 2702 Nullum
344 2656 439 2720 quidem
447 2674 539 2706 versum
550 2658 601 2706 loco
608 2665 697 2706 motum

200 2736 280 2776 censet
298 2730 412 2796 Leunep;
437 2731 478 2781 sed
499 2733 577 2797 potius
595 2731 642 2782 duo
661 2742 695 2781 te-

200 2816 263 2850 mere
280 2802 385 2854 invectos
394 2805 465 2856 luisse
481 2806 619 2866 arbitratum
636 2807 695 2855 Ovi-

200 2872 264 2922 dium
276 2886 354 2926 autem
364 2879 397 2927 sic
408 2880 515 2930 dedisse:

232 2950 257 2996 Si
267 2968 336 3008 ruore,
347 2956 365 3001 si
376 2964 457 3011 terras,
472 2966 618 3019 porrectoque
628 2958 696 3003 litora

296 3027 352 3081 ridi,

232 3092 699 3168 llrrtituorrupidispraeducibusqirrseris:

231 3172 282 3220 Sive
291 3174 377 3230 colunt,
388 3175 533 3239 habitantque
543 3179 598 3234 ciri,
610 3176 695 3241 diffidi·

293 3264 343 3295 nuu
352 3250 400 3296 illis
407 3266 415 3305 ς

264 3320 295 3368 Es
300 3332 373 3371 ternos
382 3325 454 3371 didici
466 3325 516 3371 lusa
527 3327 605 3371 timere
614 3327 681 3372 uiros.

199 3394 232 3443 Ut
247 3394 279 3442 sit
294 3412 376 3446 senuu
386 3412 457 3462 quem
468 3398 599 3446 Burmann.
610 3398 694 3447 voluit.

197 3469 286 3516 Arrun.

232 3545 287 3591 104.
307 3542 360 3591 Filo
369 3561 410 3605 per
420 3547 532 3595 adductas
542 3562 596 3607 urps
606 3556 695 3606 receptu

196 3619 300 3680 manum]
320 3618 374 3665 Non
385 3617 471 3665 damno
482 3619 542 3666 banc
559 3618 694 3667 lectionem.

198 3692 259 3740 vide
270 3703 360 3746 tamen,
370 3707 400 3739 ne
410 3691 528 3755 scripserit
538 3692 640 3740 Ovidius
647 3693 696 3756 filo

195 3769 289 3814 relecta.
307 3773 379 3829 auget
389 3764 544 3830 suspicionem
559 3766 588 3814 de
599 3766 693 3820 mendo.

196 3839 259 3901 quod
276 3840 299 3886 in
310 3839 429 3887 nonnullis
439 3840 612 3902 exemplaribus
621 3855 695 3888 mem·

195 3913 289 3961 bruneis
300 3930 341 3977 pro
355 3915 433 3977 glossa
449 3913 591 3978 adscriptum
603 3923 639 3963 est
649 3916 695 3963 col·

196 3988 262 4034 tecto,
274 3988 336 4035 ltlet.
348 3987 397 4036 viii.
410 3989 465 4036 173.
477 3987 507 4035 de
518 3987 601 4035 eadem
613 4004 650 4035 re:

228 4061 308 4108 Juuuo
315 4060 597 4127 difficilitfiloertt'nveutn
604 4064 694 4115 relecto.

197 4133 244 4181 Ubi
255 4136 333 4182 relicto
339 4151 460 4203 perperam
467 4136 621 4186 scribebatur.
640 4137 693 4185 Vir-

193 4206 239 4268 gil.
251 4206 294 4255 lib.
305 4224 329 4255 s.
339 4209 397 4258 ult.

779 1943 876 1954 -—
889 1915 1038 1976 Ertremoque
1048 1910 1124 1958 Lauso

781 1992 909 2054 Porcufilo
920 1991 1009 2053 legunt.

747 2066 800 2115 Hoc
817 2074 861 2122 est,
877 2064 1002 2126 colligunt,
1016 2066 1045 2108 ut
1061 2056 1156 2107 Servius
1171 2053 1240 2103 iuter·

748 2148 862 2205 pretatur
886 2136 925 2185 Sic
936 2126 1240 2196 eollsctrfilcSeuecaffip·

748 2215 837 2280 polyto.
850 2213 880 2262 de
889 2212 996 2260 Theseo

782 2289 813 2336 Et
824 2290 890 2353 longa
901 2283 1021 2346 currnfilo
1030 2280 1155 2345 collegit
1121 2294 1179 2401 lpus

1147 2368 1209 2401 uss.

782 2439 837 2486 106.
849 2438 935 2484 Strum't
946 2430 1062 2494 luorum]
1075 2423 1241 2477 stebonilrbri

748 2515 886 2563 Crorsuus.
922 2510 1066 2570 Quanquam
1082 2504 1108 2552 in
1117 2502 1239 2551 MSS.us·

745 2597 780 2636 tet
797 2588 911 2636 Gruterus
928 2582 983 2645 legi,
998 2580 1121 2642 Strataque
1137 2576 1240 2626 cmm

746 2664 821 2711 bellua
846 2661 915 2707 tinuit
941 2659 1049 2712 lumnam
1074 2653 1142 2702 nobis
1163 2658 1239 2701 um

746 2736 849 2785 nondum
867 2731 977 2797 displicet
995 2728 1048 2777 haec
1068 2727 1148 2777 lectio.
1178 2722 1240 2784 Quid

745 2812 776 2859 sit
793 2806 904 2877 pondere,
922 2814 963 2853 ant
980 2802 1053 2859 mole,
1070 2809 1113 2851 aut
1129 2799 1241 2855 esuum,

745 2894 842 2931 stmrerr
855 2883 955 2935 humum,
966 2885 1050 2926 norunt
1061 2892 1102 2942 qur
1095 2872 1240 2925 ’1)οὲωῆ-

745 2958 839 3006 derunt.
858 2956 928 3002 Dru.
936 2953 1069 3001 llrrusrts.
1087 2948 1240 3000 Anbocdic·

745 3041 804 3087 tum,
825 3026 941 3093 quomodo
962 3024 1060 3073 Auerni
1081 3022 1224 3075 Carminis
1216 3036 1240 3071 ur

746 3106 836 3154 obitum
848 3101 1001 3150 blaecenatis:

781 3179 891 3226 Victorem
900 3178 973 3223 uictus
982 3182 1079 3222 metuat.
1095 3182 1168 3221 mus
1176 3175 1241 3235 inps-

841 3260 877 3298 ret
889 3251 933 3297 illi.

811 3322 913 3370 Membra
924 3338 965 3369 uec
977 3323 1001 3367 iu
1011 3328 1084 3367 strata
1092 3321 1240 3369 smmum

840 3395 971 3444 eatbumol

745 3470 791 3518 Sed
802 3486 856 3518 cum
866 3471 1000 3518 Puteaneus
1010 3474 1034 3515 et
1044 3465 1084 3513 elii
1095 3466 1202 3518 nonnulli
1211 3482 1240 3517 es

746 3544 880 3593 melioribus
904 3550 1033 3608 agnoscant
1051 3545 1142 3598 rtrsmt,
1162 3541 1241 3607 opina

745 3619 908 3682 castigandum
919 3620 984 3674 lucit,
994 3615 1109 3678 sauguine
1123 3616 1238 3664 nimirum·

744 3693 876 3741 llurssrus.
911 3693 961 3740 Nos
975 3689 1239 3753 retinuimnsvulgam

744 3772 832 3824 stravit,
854 3776 903 3816 tum
925 3768 981 3831 quia
1007 3765 1077 3831 plane
1099 3764 1239 3813 Ovidium

745 3849 781 3889 est
789 3852 861 3889 strata
871 3846 951 3890 strauit
961 3859 968 3897 ,·
988 3840 1108 3901 utperdito
1116 3841 1238 3901 uepres·

745 3918 810 3963 timeo
821 3928 844 3964 et
855 3916 948 3971 similia,
960 3925 1010 3962 tum
1020 3912 1077 3977 quis
1085 3922 1185 3961 uerum
1194 3922 1238 3961 ur-

745 4006 792 4037 rum
801 3990 857 4038 satis
865 3990 984 4052 eleganter
990 3997 1014 4036 et
1020 3986 1111 4051 proprie
1116 3984 1164 4035 diei
1171 3992 1237 4050 puto.

745 4064 831 4127 l'irgil.
843 4063 894 4110 viii.
906 4062 1003 4112 AEneid.
1015 4062 1073 4109 719.

778 4140 836 4185 Ante
855 4155 908 4184 arcu
924 4149 1008 4195 terr-mu
1024 4137 1074 4183 cari
1089 4134 1236 4195 nmmju·

808 4228 881 4258 cenci.

1269 4536 1275 4549 ι
