2896 4980
468 318 726 389 HEROIDES.
760 322 830 388 ΕΡ.
856 322 958 388 XVI.
1172 324 1237 392 211

195 490 315 597 Spem
332 496 446 571 modo
463 520 512 572 ne
529 504 694 572 nostram
712 498 791 573 fieri
808 498 951 597 patiare
968 498 1172 589 caducam;

242 611 298 689 Te
316 636 461 713 precor,
479 614 504 689 ὀ
520 625 625 689 tanto
642 617 756 712 digna
773 600 900 690 labore
918 616 1008 715 peti.
1166 623 1238 691 170

195 727 282 804 Non
300 754 373 827 ego
390 731 605 827 conjugium
623 754 814 827 generosae
832 732 997 828 degener
1013 743 1124 831 opto:

243 844 281 920 N
284 869 329 920 eo
347 870 433 923 mea
449 848 579 944 (crede
597 848 705 942 milri)
722 849 880 947 turpiter
898 874 992 924 uxor
1010 850 1095 924 eris.

195 960 340 1049 Pliada,
360 962 392 1035 si
410 986 569 1061 quaeres,
589 964 627 1036 in
645 975 774 1036 nostra
790 976 914 1061 gente,
929 964 953 1037 J
955 990 1138 1063 ovemque

244 1077 441 1154 Invenies:
470 1080 615 1155 medios
633 1091 676 1153 ut
692 1090 884 1154 taceamus
902 1105 1003 1154 avos.

196 1193 358 1294 Sceptra
372 1218 508 1296 parens
527 1196 641 1283 Asiae,
661 1219 738 1294 qna
755 1196 857 1270 nulla
873 1194 1017 1271 beatior
1034 1220 1110 1284 ora,
1167 1201 1236 1271 175

245 1309 402 1386 Finibus
420 1313 611 1387 immensis
629 1312 701 1384 vix.
713 1313 900 1399 obeunda,
920 1322 1036 1386 tenet.

195 1426 418 1504 Innumeras
434 1430 559 1516 urbes,
579 1439 695 1526 atque
713 1452 826 1503 aurea
842 1439 943 1503 tecta
958 1429 1125 1503 videbis:

245 1542 419 1644 Quaeque
437 1570 525 1619 suos
543 1545 648 1618 dicas
665 1545 808 1643 templa
824 1546 959 1619 decere
978 1545 1094 1619 Deos.

196 1659 292 1734 Ilion
311 1663 511 1762 adspicies,
531 1662 755 1760 firmataque
771 1663 934 1736 turribus
952 1661 1037 1736 altis
1248 1739 1252 1747 ,

245 1774 402 1864 Moenia,
417 1776 593 1852 Pnoebeae
612 1788 756 1852 structa
771 1800 906 1853 canore
924 1780 1026 1877 lyrae.
1168 1780 1238 1851 180

197 1890 297 1978 Quid
315 1893 386 1966 tibi
403 1893 578 1967 deturba
595 1916 742 1968 narrem
760 1919 990 1991 numeroque
1006 1893 1194 1967 virorum?

244 2008 321 2082 vix
339 2011 521 2109 populum
538 2012 650 2086 tellus
668 2011 828 2085 sustinet
842 2012 906 2086 illa
922 2035 1045 2085 suurn.

199 2123 410 2200 Occurrent
425 2125 543 2200 denso
560 2128 629 2201 tibi
647 2126 813 2201 Troades
831 2129 979 2225 agmine
997 2137 1155 2199 matres:

247 2238 332 2316 Nec
350 2241 502 2341 capient
519 2243 705 2341 Phrygias
724 2243 817 2317 atria
832 2256 959 2318 nostra
976 2266 1103 2315 nurus.

197 2524 233 2575 Ex
241 2526 332 2577 Mureti
343 2536 368 2576 et
378 2526 469 2576 dnobus
479 2526 533 2577 aliis
542 2528 694 2594 mallemfa-
744 2547 779 2579 ra
789 2530 932 2580 Puteaneus.
955 2527 1028 2577 ldcm.
1055 2525 1162 2588 Pliada]
1184 2525 1238 2572 Sua

198 2600 266 2651 tatur.
288 2601 353 2667 quod
374 2616 430 2651 cum
441 2603 595 2667 sequentibus
610 2602 696 2652 melius
744 2604 887 2668 genealogie
904 2611 1047 2651 vetustatem
1059 2599 1145 2665 repetit
1154 2614 1169 2647 a
1178 2599 1240 2647 Jove

197 2673 307 2725 alant
330 2675 416 2725 eedem
436 2676 539 2726 varietas
558 2679 696 2726 observatur
744 2687 768 2726 et
784 2678 887 2726 Electra.
921 2676 985 2724 Nam
1001 2673 1096 2739 Jupiter
1112 2670 1241 2721 concubuit

201 2746 356 2800 inoodicibus
365 2749 410 2798 lib.
421 2748 463 2798 vii.
475 2750 538 2799 Met.
550 2750 591 2801 38.
744 2767 798 2800 cunr
814 2750 910 2799 Electra
927 2747 977 2796 filia
995 2746 1107 2803 Atlantis,
1125 2760 1179 2810 qun
1195 2744 1241 2794 fuit

229 2822 288 2873 lan
301 2824 400 2891 serm
415 2833 438 2872 et
455 2827 554 2888 scopolus
566 2835 654 2892 gestare
669 2830 695 2874 in
743 2816 792 2873 una
801 2841 831 2874 ex
841 2833 931 2890 septem
939 2821 1146 2884 praedibusque
1156 2819 1181 2867 in
1190 2834 1240 2868 coe-

260 2902 328 2949 moe
329 2900 433 2966 fatebor.
744 2899 793 2949 lum
810 2900 872 2948 inter
887 2897 970 2947 stellas
988 2895 1107 2945 tramlatte
1128 2901 1198 2943 sunt:
1216 2901 1241 2942 et

197 2970 265 3022 nii.
276 2972 349 3023 Pont.
360 2973 396 3022 iii.
405 2975 447 3023 29.
669 3003 674 3013 ·
743 2988 773 3021 ex
784 2988 813 3022 ea
828 2971 911 3037 genuit
928 2970 1078 3025 Dardanum,
1091 2983 1106 3017 a
1119 2984 1167 3033 quo
1182 2968 1240 3017 Tro-

229 3046 331 3112 anuc
345 3049 389 3097 alli
406 3050 481 3098 nolint
500 3052 568 3098 etiam
583 3066 619 3098 mc
634 3067 695 3099 nom
739 3047 791 3112 jani
799 3047 912 3110 originem
920 3056 945 3094 et
953 3059 1038 3094 nomen
1046 3042 1144 3092 ducunt.
1161 3042 1240 3105 Pten-

260 3124 345 3171 eideri.
743 3123 782 3178 do,
797 3119 823 3168 id
842 3129 887 3178 est,
904 3121 1037 3169 Electram:
1055 3133 1108 3182 qne
1126 3116 1160 3166 ita
1175 3115 1241 3166 dicta

199 3194 248 3245 Uti
267 3194 363 3245 codices
381 3196 496 3254 nonnulli,
509 3197 596 3263 fateri.
622 3198 694 3249 Haud
744 3204 790 3252 est,
801 3195 975 3244 velaPleione
990 3200 1074 3249 matre,
1085 3191 1123 3240 vel
1138 3189 1239 3248 aselle,

195 3266 694 3334 nymedidonespriscaeetsserrmanni
745 3270 829 3319 Grece
850 3269 949 3334 navigo:
967 3268 1024 3334 qnia
1043 3266 1183 3331 navigantes
1202 3280 1240 3314 so·

196 3356 252 3393 em
262 3342 386 3393 Pateeneo
396 3342 486 3393 codice.
521 3345 609 3395 Banu.
744 3345 794 3393 lent
804 3344 915 3410 Plejadas
924 3342 987 3410 ipsas
998 3344 1133 3391 obseruare.

231 3417 288 3467 188.
307 3417 374 3466 Mem
387 3434 436 3465 mco
446 3419 544 3483 finan]
571 3420 602 3468 Et
618 3432 695 3470 manet
779 3418 834 3466 174.
850 3417 1018 3479 Mediastinus]
1038 3415 1121 3471 Idem,
1133 3411 1241 3478 quisunt

196 3492 485 3557 bmmmeocetto
496 3492 695 3543 lovaniensium
745 3491 806 3541 inter
814 3494 899 3543 Jovem
910 3502 934 3541 et
944 3508 995 3541 nos.
1030 3487 1240 3554 Intelligitllrich·

196 3562 354 3635 Epiatqviii.
367 3567 409 3615 88.
744 3567 859 3625 thomum,
879 3567 973 3623 Troem,
996 3567 1067 3623 llum,
1089 3563 1240 3621 Astraeum,

230 3638 294 3693 Quia
308 3655 396 3688 nm
410 3643 562 3703 mapula
571 3650 644 3690 mente
652 3659 693 3707 ge·
745 3639 846 3707 Capyn,
857 3648 881 3690 et
890 3641 1002 3706 reliquos.

260 3712 312 3760 rial
778 3716 835 3764 178.
854 3715 963 3779 Deoua]
984 3715 1069 3763 Dicere
1082 3719 1134 3761 emt
1148 3710 1174 3758 in
1191 3710 1239 3759 Pu-

197 3784 323 3843 l’cuetet,
333 3800 395 3833 nm
404 3786 469 3834 mili.
487 3784 542 3834 vide
553 3785 630 3852 Epist.
642 3788 693 3838 xiii.
744 3798 839 3847 teanco,
856 3790 913 3837 vitio
929 3786 1071 3837 Conectoris
1084 3800 1099 3833 ι
1113 3798 1185 3832 menn
1202 3798 1241 3832 te-

198 3858 256 3911 1⁴0.
288 3858 381 3908 Bm·
744 3864 831 3913 cunda.
847 3864 867 3912 i.
878 3864 943 3912 Fau.
955 3863 1013 3910 223.

230 3932 286 3983 lta.
303 3932 330 3981 Sl
344 3933 454 3996 pteron]
475 3933 559 3981 Pliada
571 3936 592 3982 ei
604 3952 695 3999 queret,
778 3938 825 3987 Not
842 3952 926 4001 quoqne
942 3934 1024 3994 templa
1034 3934 1131 3993 juvant,
1142 3932 1242 3991 martir

196 4006 344 4059 Puteum.
369 4005 503 4057 nunnus.
538 4007 600 4058 Vide
619 4010 696 4074 Epist.
841 4009 1067 4072 antipapam,

197 4078 233 4137 lii.
245 4082 302 4132 llo.
312 4079 380 4131 clvi.
393 4080 450 4130 lto.
460 4080 496 4130 iii.
506 4082 608 4130 Metam.
622 4084 678 4131 141.
810 4085 897 4138 Aaron,
909 4083 1012 4142 mnenon
1020 4076 1124 4126 convenit
1132 4073 1241 4124 ittaDco.

230 4156 332 4208 Plelede
344 4158 365 4206 el
380 4156 492 4219 querca]
511 4156 597 4205 Pliada
607 4158 626 4206 a·
636 4174 695 4221 que.
1118 4145 1209 4196 Buta.
