2896 4980
494 377 754 449 Eunomus.
776 378 848 445 EP.
871 378 942 445 XI.
1178 380 1243 447 lar

202 554 273 633 Ille
288 555 324 631 N
327 566 391 631 oto
408 554 670 655 Zephyroque,
690 563 729 628 et
747 552 917 627 Sithonio
934 552 1112 652 Aquiloni

251 671 429 771 Imperat,
448 682 488 746 et
504 671 650 770 penniS,
671 668 770 743 Eure
789 681 971 768 proterve,
989 671 1077 745 tuis.

203 786 368 887 Imperat
380 788 487 885 (heu)
502 789 643 876 ventis3
664 788 816 860 tumidae
831 812 905 861 non
916 787 1075 885 imperat
1091 789 1176 863 irae:
1196 792 1241 862 15

251 903 428 978 Possidet
445 913 485 978 et
500 903 599 976 vitiis
617 926 733 998 regna
749 903 893 976 minora
910 902 999 975 snio.

203 1017 301 1103 Quid
315 1022 434 1117 juvat,
454 1019 642 1093 admotam
660 1042 728 1115 per
746 1041 897 1091 avorum
914 1018 1067 1091 nomina
1083 1018 1190 1104 coelo,

250 1134 354 1209 Inter
371 1146 551 1232 cognatos
570 1159 681 1233 posse
699 1133 834 1208 referre
852 1132 875 1206 J
878 1135 1010 1207 ovem?

202 1249 304 1324 Num
320 1251 444 1325 minus
462 1250 649 1337 infestum,
668 1249 838 1324 funebria
854 1273 1020 1335 munera,
1039 1249 1175 1323 serrum

251 1366 430 1443 Feminea
445 1378 569 1453 teneo,
589 1392 662 1441 non
680 1391 765 1441 mea
780 1367 868 1453 tela,
888 1368 1025 1440 manu?
1193 1372 1242 1439 20

203 1480 237 1554 Ο
255 1482 410 1569 utinam,
430 1481 622 1569 Macareo,
642 1507 727 1580 quae
746 1507 813 1556 nos
832 1482 1018 1555 commisit
1034 1481 1072 1554 in
1089 1506 1216 1567 unum,

249 1596 427 1673 Venisset
442 1599 518 1673 leto
537 1599 652 1673 serior
669 1599 760 1672 hora
777 1598 881 1672 meo!

203 1710 280 1786 Our
295 1737 475 1811 umquam
494 1713 579 1812 plus
598 1738 670 1800 me,
689 1711 813 1800 frater,
829 1737 944 1811 quam
957 1711 1069 1787 frater
1085 1713 1241 1787 amasti?

250 1826 301 1901 Et
317 1829 399 1915 tibi,
418 1852 493 1902 nou
510 1829 625 1903 debet
641 1830 744 1926 quod
762 1852 864 1902 soror
882 1853 978 1915 esse,
997 1828 1075 1902 sui?

202 1941 292 2042 Ipsa
307 1968 460 2042 quoque
478 1944 636 2018 incaluit
666 1944 892 2041 qualemque
916 1944 1044 2018 audire
1060 1945 1240 2031 solebam,

251 2059 392 2134 Nescio
409 2084 523 2157 quem
541 2061 640 2135 sensi
659 2062 771 2135 corde
789 2071 941 2159 tepente
960 2060 1096 2134 Deum.
1191 2065 1245 2139 26.

202 2173 363 2273 Fugerat
379 2200 443 2249 ore
461 2177 581 2251 color:
611 2178 750 2251 macies
768 2179 976 2252 adduxerat
994 2188 1117 2251 artus:

237 2291 458 2366 ¹Sumebant
474 2293 646 2367 minimos
665 2319 729 2368 ora
745 2306 877 2369 coacta
893 2295 1010 2369 cibos.

202 2407 284 2484 Nec
301 2409 422 2481 somni
440 2406 582 2496 faciles,
601 2421 639 2483 et
657 2435 733 2484 nox
751 2422 832 2485 erat
848 2435 972 2487 annua
988 2411 1117 2484 nobis:

250 2522 302 2598 Et
318 2524 499 2621 gemitum
517 2525 618 2598 nullo
636 2526 728 2599 laesa
746 2528 873 2601 dolore
891 2528 1040 2600 dabam.
1192 2529 1242 2596 30

232 2733 272 2782 17.
290 2733 353 2788 Quid
355 2736 428 2797 juvat
435 2736 555 2791 admotuen,
562 2734 623 2799 δια]
639 2735 696 2784 Pla·
745 2737 802 2785 dum
811 2734 946 2802 persuadet.
964 2735 1100 2783 Cromnos.
1118 2732 1183 2781 Vera
1191 2732 1242 2782 lec·

199 2821 243 2856 nus
252 2822 335 2857 seusus
344 2815 390 2864 est,
401 2824 449 2856 non
459 2809 580 2872 figuratus,
587 2817 615 2857 ut
625 2810 695 2859 Com·
744 2810 787 2859 tio.
804 2811 889 2858 smutra
898 2807 992 2856 codices
1008 2809 1141 2865 obdurarat,
1151 2815 1176 2855 et
1192 2807 1243 2856 edi·

198 2889 313 2931 mutatur
328 2880 486 2931 existimavit:
503 2891 539 2931 est
555 2882 694 2941 enimordo,
747 2884 822 2932 tiones
838 2883 948 2947 quadam
963 2884 1093 2930 obduxerat.
1126 2881 1195 2946 Virg.
1206 2879 1242 2932 iii.

198 2953 256 3021 quid
269 2956 348 3022 jurat,
368 2971 407 3004 me
424 2972 466 3022 per
485 2955 580 3004 nomina
599 2972 696 3005 avomm
747 2958 905 3022 Georg.483.
1196 3010 1198 3017 ¹

198 3028 316 3080 dmum
342 3029 413 3087 coelu,
435 3029 480 3078 hoc
500 3038 537 3079 est
561 3029 698 3079 coelertibus
919 3029 1039 3094 Ubiigneu
1048 3032 1111 3078 venir

197 3102 347 3168 cunjunctam
371 3112 396 3152 et
422 3103 524 3158 affinem,
543 3119 611 3169 posse
637 3100 698 3151 inter
780 3104 888 3154 Οηιηὶὺια
897 3105 1008 3152 aeteruum
1017 3106 1106 3153 miseros
1115 3103 1243 3151 aduerat

197 3183 309 3243 mgnum
329 3178 414 3228 Jovem
431 3177 532 3226 referret
557 3177 601 3225 hoc
618 3186 697 3225 autem
810 3189 883 3227 artus.
900 3179 991 3227 Herus.

197 3251 346 3317 adpertinet,
359 3251 422 3316 qnod
438 3251 527 3316 primus
543 3252 628 3300 AEolus
638 3251 696 3299 Hel·
778 3256 820 3303 28.
839 3254 887 3302 Oro
897 3253 995 3316 coactu]
1014 3253 1073 3301 Huc
1083 3253 1242 3318 probantud-

196 3324 331 3375 lenirlilius
340 3325 393 3382 luit,
403 3324 491 3374 Hellen
507 3325 582 3374 Jovis.
617 3326 697 3383 Quare
746 3328 1043 3394 durerutlegendumesse
1059 3327 1084 3376 in
1100 3327 1243 3393 praecedenti

197 3398 334 3465 paludem
350 3414 457 3454 avorum.
470 3408 494 3447 et
511 3398 696 3464 ipsaadJovem
747 3419 826 3452 versu:
848 3403 912 3451 idem
929 3402 991 3450 enim
1010 3408 1086 3450 notat.
1108 3417 1163 3450 nam
1180 3401 1242 3450 male

197 3486 273 3536 genus
281 3481 351 3521 suum
361 3472 486 3520 referebat.
502 3473 600 3522 Mrorr..
745 3477 892 3526 Hubertinus
917 3475 1013 3541 exponit
1035 3478 1156 3538 compulso,
1180 3475 1243 3524 Cris·

231 3545 271 3593 lll-
289 3544 338 3594 Nee
348 3545 447 3608 minua]
467 3545 597 3609 [egenum
606 3549 695 3594 mirus?
745 3550 815 3615 pinus
840 3554 930 3609 inulto,-
957 3558 993 3598 est
1011 3549 1074 3597 enim
1094 3547 1158 3597 idern
1179 3548 1243 3613 quod

196 3617 372 3683 interrogative.
400 3619 498 3667 Mucrn.
531 3620 575 3668 Vir
598 3620 696 3684 quidam
745 3634 874 3681 contracta,
883 3625 973 3672 minora
983 3640 1024 3687 per
1034 3623 1165 3671 muciemet
1175 3621 1243 3684 regri-

198 3706 245 3740 nou
267 3691 401 3743 ineruditus
420 3691 445 3740 in
470 3692 592 3757 Supplem.
612 3694 694 3742 Actor.
746 3699 851 3748 tudinem
863 3699 934 3753 lucta,
946 3697 980 3745 sic
992 3700 1056 3744 virro
1068 3701 1178 3750 concrum,
1193 3695 1241 3740 Lu-

197 3763 302 3830 filli&-
312 3773 377 3814 tum.
385 3765 420 3815 Vi·
431 3773 489 3814 ³0⁰&
501 3766 526 3813 ll·
536 3784 561 3831 p·
571 3767 611 3815 80·
622 3768 694 3831 legit:
746 3788 799 3821 can.
807 3772 840 3820 vi.
848 3774 906 3820 548.
924 3780 1000 3818 concta
1012 3779 1126 3830 tempestas
1133 3766 1244 3813 Lucretio

231 3836 289 3886 cvm
299 3840 374 3887 mium
383 3840 500 3905 infestum.
511 3840 557 3887 310·
746 3846 789 3893 lib.
801 3845 817 3893 i.
829 3847 885 3893 762.
901 3843 942 3892 ubi
953 3852 1016 3890 reete
1028 3840 1138 3888 Gilauius
1153 3842 1244 3885 densam

198 3909 321 3961 Certenon
329 3913 426 3976 genium
434 3913 475 3961 ille
480 3911 604 3962 Ovidiame
612 3923 696 3962 venus·
746 3918 858 3983 explicat,
864 3928 889 3966 et
898 3914 1059 3965 observatione
1067 3912 1164 3975 dignam
1173 3910 1243 3975 phra-

197 3984 253 4034 uus
262 3985 362 4050 adsequi
372 3986 475 4036 videtur.
490 3994 515 4034 et
527 3997 591 4036 recte
608 3989 638 4036 ab
650 3987 696 4035 alio
746 3990 782 4038 sin
793 3999 868 4038 notat.
886 3991 920 4037 sic
936 3996 960 4034 et
971 4001 1048 4047 cogere
1058 3984 1159 4032 fullones
1169 3983 1241 4031 vesti·

199 4058 374 4109 virciniisdem
381 4061 491 4110 ActisA.
500 4076 611 4109 unccxv.
620 4059 696 4125 April.
745 4073 834 4118 menta,
854 4070 878 4110 et
895 4059 936 4108 alii
952 4057 1053 4105 artifices
1070 4055 1191 4105 materiem
1203 4056 1241 4105 di·

198 4134 474 4198 p.178.refutatusest.
492 4136 579 4184 Burri.
746 4144 840 4191 cuntur,
852 4149 924 4199 quum
934 4127 1088 4180 condensam.
1104 4129 1195 4180 Burur.

231 4208 272 4258 tt.
289 4209 447 4272 Adduxerct]
470 4208 550 4257 Ratio.
562 4210 596 4259 itu
616 4209 696 4271 legen·
