2896 4980
398 329 624 398 Altonum.
661 328 751 394 LIB.
776 330 805 394 1.
826 332 859 397 ⁷.
1084 332 1152 399 313

107 508 159 583 At
173 518 227 593 tn,
247 530 323 580 non
341 505 436 579 laetis
453 505 623 578 detracta
639 526 778 578 corona
793 505 951 603 capillis,

157 622 262 696 Dura
279 645 393 720 super
409 623 491 694 toti
509 620 638 693 limina
655 630 764 693 nocte
778 622 877 716 jace.

106 738 162 812 Tu
179 739 354 823 dominae,
374 763 460 812 cum
478 750 516 812 te
534 740 741 836 projectam
760 764 869 813 mane
883 740 1037 826 videbit,

153 853 350 954 Temporis
368 855 532 927 absumti
550 865 628 928 tam
646 856 743 929 male
760 857 868 929 testis
885 858 970 930 eris.
1101 867 1151 934 70

106 969 401 1066 Qualiscumque
418 972 513 1055 vale,
533 971 707 1068 sentique
726 972 899 1044 abeuntis
917 997 1094 1060 amorem,

156 1084 287 1171 Lente,
306 1109 376 1158 nec
394 1085 559 1158 admisso
576 1086 696 1182 turpis
714 1098 883 1161 amante:
912 1089 1006 1162 vale.

107 1200 184 1275 Vos
201 1226 354 1299 quoque
372 1200 543 1275 crudeles
562 1201 682 1297 rigido
700 1226 785 1275 cum
803 1203 930 1277 limine
948 1217 1090 1303 postes,

157 1316 339 1414 Dmuquc
356 1341 548 1391 conservae
564 1316 665 1413 ligna
682 1320 803 1393 valete
821 1319 931 1394 fores.

457 1733 686 1809 ELEGIA
711 1734 805 1809 VII.

108 1898 216 1975 Adde
232 1884 366 1975 manus
384 1902 423 1975 in
439 1901 562 1976 vincla
579 1926 695 1988 meas,
715 1904 904 1998 (meruere
922 1904 1094 1999 catenas)

157 2016 258 2091 Dum
275 2017 377 2091 furor
393 2019 515 2092 omnis
533 2020 625 2106 abit,
645 2020 676 2092 si
696 2019 781 2116 quis
800 2018 943 2092 amicus
962 2021 1066 2094 ades.

109 2130 205 2207 Nam
220 2132 323 2207 furor
339 2135 378 2207 in
395 2135 587 2210 dominam
605 2136 803 2210 temeraria
819 2135 974 2209 brachia
991 2136 1118 2211 movit.
1134 2122 1137 2127 ¹

156 2248 240 2324 Flet
256 2258 342 2325 mea
358 2254 498 2326 vesana
516 2253 609 2326 laesa
624 2254 751 2352 puella
768 2277 895 2327 manu.

108 2363 211 2439 Tunc
229 2390 301 2463 ego
318 2368 377 2440 vel
394 2391 502 2441 caros
521 2369 627 2466 potui
645 2368 782 2443 violare
800 2380 994 2467 parentes:
1130 2375 1154 2444 5

156 2480 266 2557 Saeva
280 2484 340 2557 vel
357 2483 394 2556 in
412 2495 563 2558 sanctos
580 2486 737 2560 verbera
753 2485 849 2561 serre
869 2485 985 2558 Deos.

110 2594 232 2683 Quid?
259 2623 333 2673 non
351 2611 391 2674 et
407 2601 520 2700 clipei
537 2602 713 2676 dominus
731 2602 991 2701 septemplicis
1009 2602 1109 2701 Ajax

157 2714 297 2791 Stravit
312 2716 519 2815 deprensos
537 2718 615 2791 lata
631 2742 699 2817 per
716 2742 804 2792 arva
822 2717 985 2814 greges?

139 3014 180 3066 71.
194 3017 301 3082 &ntique
317 3019 552 3084 autumnalium]
569 3021 605 3070 Tu
656 3018 747 3081 dimus)
759 3034 805 3067 non
814 3019 886 3065 adest.
906 3023 942 3065 est
953 3023 1033 3064 sutem
1044 3013 1115 3063 ordo:
1134 3016 1157 3062 0

108 3088 228 3157 unusqu
239 3107 277 3140 me
285 3108 333 3141 non
345 3091 422 3149 sudis,
430 3091 535 3143 vicissim
545 3095 606 3143 senti
657 3102 684 3143 tu
704 3092 788 3149 amice,
804 3092 823 3140 ni
842 3090 896 3156 quis
911 3088 1003 3137 amicus
1019 3089 1084 3144 ades,
1100 3089 1157 3139 dum

108 3178 203 3229 μω
220 3181 332 3224 amorem,
342 3182 390 3232 quo
405 3183 450 3232 ego
460 3167 543 3217 abiens
561 3178 606 3216 tor·
657 3166 733 3216 omnis
751 3166 814 3215 sutor
833 3166 908 3219 abest,
927 3161 989 3212 adde
1005 3178 1098 3219 manus,
1112 3164 1157 3211 &c

110 3252 188 3303 qm,
205 3254 250 3290 nec
269 3240 376 3306 potiaris,
394 3241 488 3291 etiamsi
505 3242 607 3291 maxime
658 3240 773 3289 liumus.

110 3310 197 3379 mun,
212 3314 285 3363 etism
302 3324 353 3373 tua,
370 3330 443 3379 quam
462 3331 537 3365 amas.
556 3315 607 3364 hcc
690 3318 714 3364 5.
743 3313 813 3361 Potui
840 3310 947 3375 violare]
976 3309 1157 3376 Neapolitanus,

110 3387 260 3439 milevocis
269 3392 363 3439 mutire.
380 3399 407 3438 ut
417 3389 550 3439 notavimus
556 3391 607 3456 jem
659 3390 755 3437 laniare.
778 3387 838 3436 sorte
859 3395 936 3437 recte:
962 3401 1030 3435 versu
1049 3387 1112 3435 enim
1133 3387 1159 3436 ii.

109 3476 172 3529 πμ.
181 3462 258 3531 Epist.
268 3463 301 3513 ix.
312 3465 354 3513 46.
366 3472 390 3514 ct
401 3462 442 3512 xii.
456 3464 493 3512 17.
517 3464 607 3513 Bcnu.
659 3466 744 3513 molare
759 3461 882 3527 repetitur,
894 3460 935 3510 ubi
950 3460 1034 3510 eadem
1049 3462 1159 3512 varietas.

140 3534 183 3586 ⁷⁴.
199 3536 311 3603 Duraque
322 3538 448 3603 cosmum]
461 3537 547 3603 Scripti
557 3537 606 3604 ple·
659 3537 764 3587 hievem
781 3534 862 3584 malim
871 3537 995 3600 jugulare.
1027 3535 1158 3585 Haustus.

108 3610 183 3677 rique,
204 3627 232 3662 ιο
250 3611 276 3662 in
296 3612 335 3662 his
354 3612 472 3667 meliores,
490 3629 607 3663 comeruae.
659 3610 757 3660 Penates
777 3609 850 3659 etiam
867 3608 1011 3657 Puteancus.
1036 3608 1078 3657 sed
1100 3609 1159 3657 nihil

108 3685 218 3737 luituris
228 3695 432 3739 conscnnsvocnt
443 3687 511 3735 lom.
522 3688 556 3735 sic
567 3686 608 3737 illc
659 3694 733 3735 muta.
749 3683 913 3751 gravissimum
924 3684 987 3733 enim
1004 3683 1049 3731 hoc
1059 3682 1157 3738 crimen,

110 3760 608 3827 mdmtumnsinuisnctdtslii.
658 3761 757 3826 ‹le-quo
776 3758 827 3807 vid.
848 3757 979 3806 Abraham.
1001 3757 1032 3804 nd
1050 3755 1158 3804 Ciceron.

143 3836 201 3887 Nolo
216 3855 257 3905 ego
266 3838 334 3905 sores
347 3855 464 3888 conserues
479 3826 547 3887 mco(
555 3855 571 3885 a
587 3846 609 3884 te
658 3830 684 3881 in
702 3833 786 3884 Vutin.
805 3847 858 3897 cap.
877 3833 901 3879 5.
918 3828 1013 3884 deiude,
1029 3831 1055 3875 in
1070 3838 1159 3877 muetos

172 3915 321 3964 wlcraria.
658 3924 814 3956 amaracum
824 3906 889 3960 Deus,
896 3901 1052 3951 ramesiam
1060 3909 1084 3949 et
1091 3902 1156 3951 Dou-

325 4015 391 4025 —
660 3998 692 4031 zc
703 3981 787 4031 sodex.
797 3978 885 4028 rectius
898 3991 952 4026 vero
960 3984 1073 4037 parentes,
1087 3989 1158 4039 quam

141 4064 167 4115 2.
182 4064 208 4113 Si
216 4068 266 4131 qula
273 4067 360 4113 unicus
370 4062 446 4126 adm]
465 4061 504 4111 Sic
515 4058 610 4109 omnino
657 4064 749 4118 penam
767 4053 823 4118 (qui
843 4059 868 4101 ct
887 4049 932 4116 ipsi
950 4048 993 4099 Dii
1008 4046 1086 4113 sunt)
1104 4046 1159 4098 Diis

109 4136 235 4203 lqcndum
245 4138 321 4205 (utin
332 4135 472 4189 corrections
482 4134 563 4185 codice
575 4133 606 4181 vi·
659 4130 727 4194 quui
737 4133 894 4195 opponuntur.
930 4124 1019 4195 Bnnu.
