2896 4980
450 394 718 466 HEROIDES.
740 394 811 462 ΕΡ.
834 395 878 463 V.
1143 404 1189 470 tto

148 570 267 656 Ardet
283 595 409 648 amore
425 573 501 649 tui:
530 572 585 646 sic
602 583 642 646 et
659 568 860 645 Menelaon
877 573 1034 664 amavit;
1116 562 1187 651 10'5

199 687 235 762 N
238 713 310 762 unc
323 688 428 786 jacet
443 688 482 763 in
498 688 610 763 viduo
627 685 801 759 credulus
818 685 887 760 ille
896 696 991 762 toro.

149 803 256 879 Felix
274 805 523 892 Adromache,
542 813 645 877 certo
662 803 758 876 bene
776 811 895 900 nupta
909 802 1061 879 marito!

199 920 305 994 Uxor
322 923 370 995 ad
389 923 603 1019 exemplum
621 919 744 993 fratris
760 918 935 993 habenda
950 918 1016 994 sui.

148 1034 206 1108 Tu
223 1037 337 1110 levior
353 1036 462 1124 soliis,
482 1034 688 1121 tunc'cum,
708 1035 788 1108 sine
805 1035 971 1134 pondere
988 1035 1104 1124 succi,

198 1152 405 1227 Mobilibus
421 1154 541 1227 ventis
559 1151 664 1226 arida
679 1150 789 1237 facta,
807 1152 945 1225 volant.
1117 1156 1188 1225 110

150 1267 201 1342 Et
216 1271 340 1344 minus
358 1281 417 1344 est
434 1271 471 1343 in
488 1256 539 1356 te,
558 1293 672 1367 quam
689 1290 836 1341 summa
852 1267 998 1365 pondus
1016 1267 1141 1356 arista,

199 1385 293 1470 Quae
312 1386 403 1460 levis
420 1387 586 1460 adsiduis
604 1387 744 1460 solibus
761 1395 848 1457 usta
864 1383 971 1479 riget.

11 1506 105 1571 ..sm
152 1498 235 1574 Hoc
254 1510 319 1573 tua
336 1503 439 1596 (narn
457 1501 598 1596 recolo)
616 1501 805 1599 quondam
822 1521 1000 1595 germana
1015 1500 1188 1587 canebat,

201 1617 265 1690 Sic
283 1617 373 1691 mihi
392 1618 536 1692 diffusis
552 1618 754 1692 vaticinata
769 1615 912 1690 comis?

108 1714 123 1757 ‘
150 1729 250 1815 Quid
267 1732 372 1821 sacis,
392 1732 564 1808 OEnonel
591 1733 681 1831 quid
698 1755 819 1806 arenae
837 1730 981 1804 semina
995 1731 1177 1806 mandasl

200 1847 237 1919 N
239 1872 288 1922 on
305 1849 526 1948 profecturis
543 1850 652 1924 litora
668 1849 790 1922 bubus
808 1869 903 1920 aras.
1118 1852 1188 1923 116

151 1961 267 2059 Graja
280 1965 442 2060 juvenca
459 1965 571 2050 venit,
586 1988 670 2063 quae
688 1973 739 2050 te,
760 1961 1007 2060 patriamque,
1019 1962 1188 2037 domum-

201 2077 353 2153 Perdat.
381 2081 417 2152 io
435 2078 612 2178 prohibe;
642 2078 758 2176 Graja
769 2079 933 2175 juvenca
947 2078 1060 2152 venit.
1097 2080 1190 2178 [que

184 2309 238 2357 107.
269 2309 335 2358 Certo
362 2309 462 2375 mortu]
490 2310 539 2369 Qui
563 2320 648 2376 prater
696 2311 780 2360 Horat.
791 2311 816 2360 in
827 2310 1040 2361 carusaeculuiz

150 2380 339 2432 Andromacham
352 2383 416 2449 justo
432 2383 579 2433 matrimonio
593 2385 646 2434 nul·
730 2386 820 2448 Quique
840 2401 876 2434 ooo
896 2387 967 2433 tubus
987 2395 1109 2435 oeroerutur
1134 2390 1191 2438 ultis

150 2454 198 2503 lato
209 2456 253 2505 sibi
260 2457 349 2523 junxit.
364 2458 409 2506 etsi
419 2457 504 2507 liberos
514 2473 544 2507 ex
555 2457 647 2522 pellici·
762 2459 908 2517 Clamabat.
942 2458 1013 2508 cros.

151 2529 195 2578 bus
205 2547 258 2580 eum
274 2532 413 2598 suscepisse,
424 2532 481 2582 licet
493 2548 523 2581 ex
533 2532 646 2598 Euripide
697 2533 776 2581 Bubus
792 2543 856 2582 recte
873 2532 969 2598 qnidam
986 2532 1048 2582 libri.
1069 2542 1141 2598 atque
1156 2535 1192 2585 ita

151 2603 273 2668 suspicari.
289 2607 353 2670 quod
370 2615 394 2655 et
404 2606 559 2655 Anaxicrates
571 2606 646 2672 Argo
696 2608 784 2672 ubique
794 2623 823 2656 ex
835 2607 973 2656 auctoritate
979 2607 1118 2671 optimorum
1125 2609 1190 2658 codi-

151 2674 248 2726 licorum
274 2679 379 2728 secundo
403 2680 496 2730 videtur
522 2680 646 2730 affirmare.
697 2696 751 2729 cum
772 2679 944 2745 castigandum.
962 2680 1053 2729 Auson.
1073 2683 1146 2748 Epig.
1164 2701 1190 2732 v.

152 2750 324 2802 Psunrusrus.
698 2757 789 2805 Aluctis
798 2753 1192 2807 brrbru.Vid.Metam.xiv.initio

187 2825 239 2873 lla.
258 2826 374 2875 Genuum
389 2826 504 2890 cumbet]
525 2826 584 2876 Tale
601 2828 648 2894 Ly·
697 2835 722 2876 et
738 2828 757 2876 1.
776 2829 841 2876 Fast.
859 2828 917 2874 244.
935 2843 966 2875 ex
985 2827 1056 2876 MSS.
1075 2829 1192 2893 proverbii

151 2896 274 2962 copbronis
290 2914 395 2949 cumen.
411 2899 446 2948 sic
456 2910 481 2949 et
491 2900 648 2966 Bacchylides
697 2917 752 2950 vero
771 2901 874 2966 speciem
893 2899 994 2949 obtinuit
1018 2901 1069 2950 huc
1093 2901 1191 2954 locutio.

152 2967 320 3019 vaticinantem
334 2971 468 3022 induxerat.
480 2991 502 3021 v.
519 2974 570 3039 ejus
586 2974 647 3040 bag·
697 2975 784 3023 Noster
792 2972 818 3022 iu
826 2972 942 3021 Tristibus
951 2973 994 3021 lib.
1005 2991 1030 3021 v.
1039 2975 1062 3022 4.

152 3051 233 3090 menta
258 3043 322 3110 apud
348 3045 416 3095 Fulv.
438 3045 519 3096 Ursin.
543 3064 569 3112 p.
582 3049 647 3098 ⁴208.
731 3048 784 3095 Non
794 3047 1180 3100 ductillstuoslitusororebooss.

152 3114 244 3165 Ha1us.
696 3121 808 3171 Juvenal.
819 3121 896 3186 Satyr.
908 3118 951 3168 vii.

187 3189 242 3237 116.
260 3189 313 3238 Non
331 3191 468 3256 prcffactuta's
485 3194 563 3242 littora
583 3196 648 3244 bobus
791 3192 961 3241 —In
969 3195 1063 3256 puluere
1073 3197 1146 3243 sulooe

151 3263 226 3327 arua]
244 3263 346 3314 Consule
365 3265 419 3314 huic
431 3266 482 3314 voci
498 3270 570 3325 bobus,
581 3268 648 3333 cujus
731 3268 850 3325 Ducimur,
872 3277 895 3316 et
913 3269 987 3316 steritt
1007 3269 1062 3317 litus
1081 3285 1194 3319 mmm

152 3336 648 3407 brevisestprima,itaquelegebuhus‚per
760 3351 845 3389 aratro.

150 3427 178 3457 u.
189 3421 216 3460 ut
231 3421 267 3461 est
282 3413 307 3461 in
317 3414 490 3472 vetustioribus,
503 3424 528 3465 et
542 3416 601 3476 ratio
611 3432 647 3465 re·
697 3414 798 3463 Adludit
808 3412 895 3479 Virgil.
907 3412 941 3462 iv.

152 3484 233 3548 quirit.
268 3487 328 3536 Cato
353 3487 384 3537 de
410 3488 448 3537 Re
469 3489 569 3539 Rustica
592 3506 646 3555 cap.
761 3488 941 3535 ——Cui
951 3489 1129 3538 [illustrandum
1190 3510 1193 3515 ¹

152 3559 241 3609 xxxvii.
278 3561 379 3610 Ubiuuc
389 3566 457 3611 ouria
473 3567 647 3629 coporintfiers'⁸
731 3561 940 3626 Cuipuslocilegss
949 3563 1058 3610 dedimus.

153 3633 221 3683 bubata
242 3637 428 3686 medicamentum
448 3640 501 3686 doto
521 3641 647 3702 quotannis,
731 3637 787 3683 117.
803 3635 927 3698 Juvenum]
946 3636 992 3684 Per
1008 3638 1120 3700 ambages
1134 3636 1194 3685 vati-

152 3710 189 3755 uti
208 3711 307 3759 ualeant.
339 3711 472 3777 Saepissime
493 3712 564 3761 etiarn
585 3712 648 3777 apud
697 3708 795 3758 ciuium.
830 3711 893 3758 Nam
916 3709 979 3774 quod
998 3712 1101 3771 juvenco
1121 3710 1193 3773 signi·

153 3781 282 3832 Varronem
300 3785 330 3834 de
348 3786 387 3834 Ile
405 3786 476 3834 Rust.
496 3797 520 3836 et
536 3787 586 3852 ipse
605 3787 647 3836 lib.
698 3783 752 3832 ficet
768 3784 907 3840 adulteram,
925 3798 1026 3847 qumque
1043 3784 1080 3830 sui
1100 3783 1192 3847 copiam

153 3854 238 3905 Noster
247 3858 265 3906 i.
278 3859 413 3909 Fastorum:
698 3858 762 3915 lucit,
783 3858 876 3908 affaniae
900 3866 955 3905 sunt
977 3866 1001 3905 et
1021 3873 1091 3904 mern
1116 3873 1194 3920 nugoe.

187 3929 304 3993 Tantaque
323 3950 358 3981 res
376 3937 456 3996 paucis
472 3951 557 3996 porcum
579 3937 649 3984 bubus
697 3933 786 3998 quippe
796 3948 851 3982 cum
861 3931 920 3979 dicit
929 3929 1030 3980 Ovidius
1040 3930 1065 3977 in
1075 3930 1133 3979 Arte
1148 3930 1193 3981 lib.

216 4013 276 4051 erat.
697 4005 769 4055 178.

154 4072 221 4122 ldem
232 4075 273 4124 lib.
284 4076 320 4124 iii.
332 4078 370 4126 De
381 4079 454 4128 Arte:
488 4110 491 4115 ·
732 4077 1068 4142 Multoslllosocit‚puodsuit
1077 4078 1193 4140 ipsu-lovi.

187 4147 250 4202 Quid
276 4151 321 4197 nisi
347 4156 448 4201 staturis
472 4171 557 4217 poscam
580 4157 651 4203 ὁιώω
699 4150 804 4216 Intelligi
821 4149 894 4198 voluit
908 4149 933 4198 iu
950 4150 1054 4205 baono
1072 4161 1108 4200 est
1124 4152 1195 4223 Isidis

217 4224 300 4270 nont?
700 4225 801 4289 templo.
816 4223 908 4290 psellus
928 4224 1037 4290 exemplo
1061 4225 1122 4276 Dea
1146 4226 1196 4276 suis
