2896 4980
488 370 749 438 HEROEDES.
773 369 843 436 ΕΡ.
866 365 951 437 VII.
1196 379 1245 449 89,

201 540 272 615 Est
287 541 378 615 mihi
396 567 601 620 marmorea
618 557 785 620 sacratus
803 546 842 618 in
859 545 940 619 aede
960 545 1151 625 Sichaeus:

250 657 444 756 Adpositae
462 660 611 736 frondes
629 664 839 759 velleraque
857 662 944 736 alba
959 673 1103 760 tegunt.
1169 673 1240 743 100

201 771 300 847 Hinc
318 799 388 871 ego
406 801 466 850 me
484 779 584 851 sensi
602 790 691 852 noto
709 790 843 876 quater
859 804 923 853 ore
940 779 1066 854 citari:

251 889 339 987 Ipse
357 916 449 965 sono
467 895 569 967 tenui
587 895 694 981 dixit,
716 895 838 968 Elissa
855 894 951 967 veni.

201 1002 237 1076 N
240 1005 316 1078 ulla
332 1031 436 1080 mora
453 1021 531 1097 est;
561 1010 690 1098 venio;
720 1010 827 1083 venio
846 1009 913 1082 tibi
931 1008 1060 1084 debita
1076 1015 1235 1110 conjux:

251 1120 327 1194 Sed
345 1133 471 1197 tamen
489 1126 642 1199 admissi
659 1127 766 1200 tarda
783 1126 925 1224 pudore
943 1127 1029 1199 mei.

200 1233 261 1309 Da
277 1240 422 1311 veniam
441 1243 582 1339 culpae;
611 1243 762 1341 decepit
779 1245 935 1317 idoneus
953 1254 1103 1333 auctor;
1168 1249 1238 1320 105

250 1351 431 1428 Invidiam
450 1381 558 1430 noxae
576 1358 739 1432 detrahit
756 1359 817 1433 ille
835 1383 942 1433 meae.

200 1465 296 1541 Diva
314 1494 460 1567 parens,
480 1475 677 1570 seniorque
695 1485 812 1572 pater,
832 1474 894 1573 pia
911 1473 1057 1546 sarcina
1074 1473 1162 1560 nati,
1263 1459 1266 1468 ¹

250 1583 367 1681 Spem
384 1588 474 1660 mihi
492 1589 655 1662 mansuri
673 1590 742 1663 rite
759 1589 895 1662 dedere
913 1587 992 1660 viri.

201 1696 241 1769 Si
259 1698 327 1772 fuit
345 1704 554 1791 errandum,
573 1728 727 1778 caussas
745 1705 858 1778 habet
875 1727 974 1777 error
992 1705 1183 1778 honestas:

248 1811 357 1889 Adde
375 1817 508 1909 fidem;
538 1821 640 1894 nulla
656 1831 761 1918 parte
779 1820 962 1918 pigendus
980 1819 1062 1893 erit.
1169 1823 1238 1893 110

199 1928 374 2005 Duratio
393 1944 614 2020 extremum,
632 1936 792 2032 vitaeque
810 1934 1010 2009 novissima
1026 1944 1161 2008 nostrae

248 2043 493 2144 Persequitur
510 2050 588 2138 sati,
607 2051 673 2147 qui
689 2050 760 2124 fuit
776 2060 875 2134 ante,
894 2060 1011 2124 tenor.

201 2160 352 2237 Occidit
368 2164 531 2239 internas
550 2168 688 2264 conjux
706 2175 890 2240 mactatus
908 2164 956 2237 ad
974 2187 1077 2237 aras:

249 2276 300 2352 Et
316 2281 467 2354 sceleris
485 2283 578 2355 tanti
596 2284 750 2380 praemia
765 2282 878 2356 frater
895 2281 1020 2380 habet.

233 2570 287 2617 100.
308 2571 437 2634 Velleraque
456 2572 530 2635 alto]
547 2572 638 2620 Lanam
656 2571 693 2619 ni-
743 2571 814 2636 gilius
829 2571 910 2628 etism,
925 2580 946 2619 et
963 2585 1047 2632 sparsos
1055 2567 1168 2634 fraterno
1181 2571 1239 2618 cede

197 2658 265 2691 veam
276 2652 339 2693 recte
346 2660 376 2693 ex
383 2644 484 2709 Virgilio
494 2645 632 2711 interpretes
642 2660 693 2694 esse
740 2656 839 2707 penates.
856 2651 978 2695 Nauosn.
997 2643 1036 2692 lta
1046 2641 1142 2706 quidem
1152 2641 1178 2689 in
1188 2642 1239 2707 ple·

197 2715 293 2765 docent.
327 2717 582 2768 Baudelotiusverode
591 2719 693 2767 utilitate
742 2715 1239 2783 risquelegitunnullasatiscommodasen-

199 2789 414 2855 Peregrinationnm
425 2800 483 2840 torn.
495 2792 512 2840 i.
529 2793 649 2857 pag.275.
662 2791 693 2840 de
743 2792 825 2849 tentis,
833 2789 1142 2857 quidenimadsententiam
1150 2789 1240 2840 faciunt

196 2865 256 2925 prtia
272 2868 334 2912 conis
350 2864 467 2931 explicat3
491 2865 550 2914 nihil
561 2865 610 2914 vidi
625 2864 693 2931 inep·
743 2865 780 2914 has
791 2882 862 2915 voces
878 2868 902 2913 in
920 2865 1006 2912 terrast
1024 2861 1125 2911 Proinde
1142 2861 1239 2926 quidam

198 2939 254 2987 tius.
288 2939 378 2987 Bonis.
743 2938 1239 3002 emendarevolenteshunclocum‚proin

233 3014 288 3062 10³.
307 3013 382 3060 Nulla
391 3029 454 3060 mora
468 3012 523 3075 aa]
541 3011 654 3061 Sollemni
664 3028 694 3062 ex
744 3025 824 3072 terras,
835 3018 937 3064 internus
951 3012 1104 3061 substituere:
1122 3019 1149 3059 ut
1162 3010 1191 3059 sit
1208 3015 1240 3060 sd

198 3085 307 3138 formula.
319 3087 402 3151 Nepos
412 3085 504 3135 Conon.
514 3085 550 3134 iii.
581 3086 645 3134 Huic
654 3088 695 3134 ille
744 3092 846 3138 internas
853 3106 904 3137 oras
914 3087 1013 3143 dictum,
1020 3085 1100 3150 proad
1110 3085 1240 3143 interiores,

199 3163 281 3224 inquit,
298 3162 365 3210 nullo
381 3177 443 3208 mora
460 3170 501 3209 est.
519 3175 581 3225 sepe
592 3160 693 3211 Comici.
743 3163 794 3212 sive
808 3163 922 3219 occultas,
938 3170 964 3211 ut
980 3162 1071 3226 opinor.
1105 3159 1207 3217 Quando
1215 3169 1241 3209 et

200 3236 290 3284 Bonis.
744 3238 859 3302 Virgilius
876 3237 944 3294 dixit,
963 3237 1028 3284 Clam
1036 3235 1106 3300 serm
1121 3238 1240 3284 incastum

233 3312 286 3359 112.
313 3308 483 3372 Prosequitur]
510 3309 573 3372 Iege
589 3323 643 3356 cum
660 3307 694 3357 iv·
743 3322 842 3375 superat,
853 3314 899 3361 dic.
931 3310 979 3359 Sed
991 3308 1049 3374 quid
1064 3309 1084 3357 si
1099 3308 1165 3372 legas
1176 3309 1239 3357 Her·

198 3385 269 3433 MSS.
285 3387 434 3448 persequitur,
445 3383 469 3431 id
487 3392 523 3431 est
540 3398 595 3431 eum
609 3381 695 3430 infesto
744 3389 827 3444 eutem,
844 3390 926 3452 proin
945 3396 1025 3434 rmus.
1041 3392 1068 3433 ut
1083 3383 1114 3432 ad
1130 3383 1241 3434 Herculis

198 3459 285 3509 auimo.
318 3459 413 3508 Phaidr.
425 3458 469 3507 lib.
480 3457 514 3507 iii.
527 3457 585 3506 Fab.
596 3458 638 3505 20.
745 3461 908 3510 arasoecisnm
926 3458 1081 3519 accipiamus:
1099 3458 1193 3522 quando
1204 3458 1240 3506 Si·

231 3534 277 3588 Qui
288 3543 356 3582 notus
363 3543 394 3581 stt
401 3533 490 3597 irpselim
499 3549 545 3580 non
555 3534 624 3579 sitnm
633 3533 695 3579 modo
744 3534 824 3583 chaus
832 3534 944 3584 Herculis
958 3532 1072 3582 Sacerdos
1082 3531 1153 3580 luisse
1167 3533 1239 3581 etiam

232 3606 326 3656 Tristem
340 3609 451 3662 decurrit,
462 3622 539 3654 uenam
552 3607 695 3667 mauditum
745 3607 808 3673 apud
833 3607 953 3657 Justinum
981 3605 1089 3654 traditur.
1126 3605 1241 3654 Studiosis

261 3699 345 3746 quartu
744 3696 800 3745 ergo
818 3682 881 3730 hunc
901 3681 980 3729 locum
1001 3678 1102 3742 amplius
1120 3678 1240 3726 excutien-

231 3756 378 3821 Pmsquitur
388 3757 455 3804 illum
465 3754 580 3819 durosnti
590 3756 688 3803 miseria.
744 3754 801 3803 dum
822 3754 984 3819 relinquimus.
1004 3753 1147 3798 Mrcsnnus.
1181 3750 1241 3799 Eru-

571 3828 661 3876 Bunss.
744 3828 910 3877 ditissimomm
929 3827 1027 3874 virorum
1048 3839 1132 3887 sequor
1152 3822 1241 3887 opinio-

233 3904 288 3952 11³.
308 3903 397 3950 Occidit
409 3906 435 3950 in
447 3902 541 3965 terrun]
559 3902 598 3950 Sic
609 3903 634 3951 in
644 3917 694 3949 om·
745 3919 807 3959 nem,
824 3901 864 3965 qui
886 3917 933 3948 non
949 3913 1036 3962 magna
1056 3895 1184 3944 mutatione
1206 3897 1241 3944 le·

199 3974 282 4023 nibus:
310 3991 354 4038 ego
370 3975 429 4039 quid
442 3975 486 4023 sibi
505 3975 564 4025 illud
582 3980 606 4024 in
624 3985 696 4023 imos
745 3984 812 4040 gunt,
825 3976 914 4022 Occidit
931 3977 1041 4020 interitus.
1075 3967 1181 4015 luem
1198 3985 1240 4018 au·

201 4047 258 4096 velit
276 4048 365 4098 nescio.
382 4050 480 4098 sortasse
495 4053 596 4099 internos
612 4052 695 4114 legen·
745 4057 793 4097 tem
811 4064 872 4103 oros,
890 4046 967 4095 idest
985 4051 1039 4091 ante
1055 4042 1121 4091 Deos
1135 4051 1241 4106 penates,

200 4120 266 4170 dum.
291 4121 355 4171 Ante
366 4121 423 4171 deos
432 4121 496 4170 enim
505 4133 604 4188 penates
611 4133 636 4173 et
644 4139 697 4172 aras
744 4121 935 4186 interpretantur.
952 4115 1037 4180 virgil.
1047 4114 1131 4163 lib.iv.
1141 4115 1239 4166 AEneid.

200 4193 340 4247 domesticas
348 4195 438 4245 occisus
445 4204 469 4244 et
475 4195 590 4246 Sichaus.
607 4195 696 4246 utVir·
746 4195 851 4258 Vulgata
868 4201 947 4242 sutem
962 4189 1034 4241 lectio
1050 4189 1085 4239 its
1098 4187 1181 4239 vitiosa
1196 4198 1242 4247 est,
