2896 4980
195 315 261 383 260
483 313 521 376 Ρ.
545 311 707 377 OVIDII
732 309 945 378 NASONIS

200 487 285 573 llic,
302 499 406 587 puto,
414 488 622 586 deprensus
636 487 700 572 nil,
714 486 815 583 quod
827 485 1049 583 querereris,
1063 483 1236 570 habetor

249 603 392 703 Meque
409 604 477 679 tibi
496 605 674 703 amplexo
692 603 795 677 nulla
812 612 965 676 noceret
981 600 1116 675 hiems.
1192 602 1234 672 80

199 721 313 796 Certe
330 744 401 816 ego
419 732 500 795 tum
516 732 647 795 ventos
666 719 833 794 audirem
853 719 955 792 lenta
970 727 1159 804 tonantes,

249 836 299 910 Et
316 862 520 933 numquam
542 837 709 936 placidas
727 859 812 909 esse
831 857 1003 934 precarer
1021 856 1153 929 aquas.

198 955 298 1041 Quid
317 965 443 1029 tamen
461 955 597 1039 evenit,
616 978 683 1027 cur
701 955 752 1026 sis
771 949 996 1026 metuentior
1013 949 1151 1023 uudael

249 1072 569 1168 Contemtumque
587 1071 704 1169 priuS,
724 1092 823 1141 nunc
841 1089 1005 1150 vereare,
1024 1064 1186 1139 fretum!

199 1187 298 1262 Nam
312 1188 478 1275 memini,
490 1211 576 1261 cum
590 1200 628 1262 te
639 1211 779 1261 saevum
792 1184 964 1259 veniente
978 1183 1181 1280 minaxque
1193 1182 1235 1255 85

248 1303 335 1376 Non
355 1305 491 1391 minus,
511 1315 576 1379 aut
593 1305 711 1378 multo
730 1329 805 1377 non
823 1303 959 1387 minua,
979 1323 1109 1398 aequor
1125 1306 1212 1373 erat.

200 1420 298 1493 Cum
317 1421 385 1494 tibi
403 1422 627 1508 clamabam,
649 1422 713 1494 Sic
731 1432 773 1494 tu
790 1419 1011 1495 temerarius
1029 1429 1126 1504 esto,

248 1536 310 1610 Ne
327 1537 472 1612 miserae
489 1538 605 1611 virtus
624 1538 673 1611 sit
690 1549 757 1611 tua
773 1537 899 1611 flenda
916 1534 1019 1608 mihi.

199 1653 311 1727 Unde
330 1679 446 1727 novus
464 1657 575 1728 timor
592 1656 679 1728 hic?
703 1678 856 1752 quoque
874 1652 939 1725 illa
955 1645 1236 1746 audaciafugitl

249 1768 413 1865 Magnus
432 1772 496 1844 ubi
515 1782 574 1846 est
592 1772 728 1869 spretis
747 1771 809 1845 ille
828 1779 975 1844 natator
991 1767 1127 1865 aquis?
1192 1767 1234 1839 90

201 1885 262 1957 Sis
280 1895 407 1958 tamen
425 1887 497 1960 hoc
517 1888 654 1986 potina,
674 1910 789 1985 quam
804 1887 906 1984 quod
925 1885 1028 1983 prius
1046 1906 1132 1957 esse
1147 1879 1235 1955 sole·

252 2000 302 2073 Et
318 2001 434 2075 sacias
451 2004 642 2100 placidum
660 2030 728 2103 per
746 2029 847 2079 mare
864 2014 968 2078 tutus
983 2002 1067 2075 iter.
1140 1998 1234 2095 [bam

199 2116 302 2191 Dum
318 2118 430 2190 modo
442 2119 493 2190 sis
508 2120 629 2194 idem:
658 2121 749 2194 dum
765 2123 831 2207 sic,
843 2132 884 2193 ut
897 2118 1043 2204 scribis,
1059 2134 1234 2190 amemur:

253 2232 496 2334 Flammaque
515 2261 590 2310 non
608 2238 674 2313 fiat
690 2238 845 2335 frigidus
865 2236 928 2308 illa
944 2233 1052 2307 cinis.

230 2461 271 2507 81.
291 2459 370 2509 l'entor
384 2464 487 2509 audirem
504 2464 554 2510 leta
570 2463 694 2526 mantea]
747 2463 857 2510 viderint.
876 2461 926 2525 ipae
935 2458 1063 2507 Ovidiuri.
1074 2457 1176 2505 Metam.
1187 2453 1237 2504 82³·

198 2534 333 2584 Puaaneur
347 2546 372 2585 et
384 2534 513 2592 {eidemin
533 2537 604 2584 lenta
622 2548 695 2587 recte.
781 2539 828 2583 Aut
849 2536 892 2582 rur
912 2536 1048 2583 metuentior
1068 2533 1120 2581 nlla
1139 2531 1238 2579 Dm

197 2607 328 2658 unsara
362 2609 696 2661 vincentianarum.
1126 2605 1212 2654 nnn

197 2681 238 2730 rii.
249 2684 305 2732 567.
749 2682 837 2731 Eodem
849 2682 897 2730 lere
908 2698 977 2730 remu
986 2676 1239 2729 Tereuthormil.i.

229 2758 361 2822 sonantem]
387 2759 495 2808 Scriverii
512 2760 595 2817 codex,
617 2771 697 2810 tonan·
752 2757 832 2806 Vereor
848 2773 878 2803 ne
893 2758 967 2804 isthac
976 2755 1097 2820 sor-titudo
1113 2756 1138 2801 in
1155 2767 1239 2801 nem

197 2842 243 2879 tet:
272 2833 336 2897 quod
361 2849 442 2882 rerum
466 2843 532 2899 puto.
558 2852 613 2884 mox
638 2839 697 2886 mal.
748 2843 862 2895 erumpat.
880 2824 1240 2897 ubifnrtr'tnrloetiamittmlm

196 2905 252 2959 lem.
261 2908 364 2968 placidas
375 2910 409 2955 r'ro
421 2925 529 2970 precarer
545 2927 624 2972 aquas.
659 2910 699 2959 Ire
748 2916 846 2973 partem,
864 2922 906 2971 pro
925 2904 1075 2961 confidentia,
1096 2901 1203 2959 audacia,
1218 2906 1241 2949 ut

195 2979 260 3028 enim
271 2981 363 3045 pmprie
374 2996 448 3045 aquas
457 2982 504 3030 diei
512 2982 592 3031 docuit
604 2984 697 3049 egregie
748 2981 786 3029 bic
797 2984 881 3029 or'rrru.
899 2980 989 3028 Bm.

196 3054 358 3105 Brouklruriur
369 3066 447 3106 noster
457 3058 488 3106 ad
502 3057 582 3106 Tibul.
598 3058 613 3106 i.
628 3058 696 3123 Eleg.
783 3057 822 3105 ⁸9,
843 3056 910 3104 Unde
919 3071 989 3103 novur
999 3056 1066 3101 timor
1076 3050 1135 3114 hia]
1148 3050 1177 3099 lu
1185 3046 1240 3097 Scri·

197 3144 221 3176 1.
242 3130 283 3177 ³8.
311 3130 350 3177 ubi
370 3131 446 3178 simile
465 3131 577 3180 mendum
593 3134 697 3182 cuntulit.
750 3129 806 3179 varii
825 3129 906 3179 codice
923 3138 983 3186 erat,
1004 3127 1071 3176 Unde
1085 3128 1153 3173 timor
1168 3123 1242 3172 utu

197 3199 259 3249 adde
268 3210 293 3248 et
303 3217 356 3265 qua
368 3203 481 3252 Barthius
491 3205 524 3253 ad
532 3205 602 3253 Statii
611 3206 653 3255 lib.
663 3207 697 3255 iv.
750 3207 799 3253 hir.-
816 3220 868 3268 qua
884 3203 963 3258 lectio,
974 3202 994 3251 si
1005 3217 1070 3257 vera,
1082 3214 1125 3266 pro
1137 3193 1241 3263 deguttl

197 3274 274 3322 Theb.
287 3275 344 3323 778.
357 3276 489 3327 adnotavit.
523 3280 697 3330 Burmannus.
748 3279 863 3329 sumenda
884 3288 929 3328 est.
954 3294 983 3327 eo
1002 3276 1074 3325 verbo
1090 3283 1115 3324 et
1132 3269 1241 3323 utitru'n

198 3348 281 3396 Minue
292 3357 355 3397 recte
370 3362 397 3399 ut
406 3351 499 3417 opinor:
518 3368 572 3401 nam
584 3355 648 3418 quod
664 3359 699 3404 ire
748 3353 855 3419 Epistola
864 3354 898 3401 iv.
914 3353 968 3401 m.

198 3423 291 3486 proprie
302 3422 349 3472 dici
361 3442 430 3487 aqum
445 3427 526 3474 scribit
535 3428 650 3477 Burman.
662 3428 698 3478 id·
781 3429 874 3478 Scilicet
884 3439 911 3476 ut
922 3442 1011 3489 caperer
1020 3441 1093 3491 regna
1101 3432 1197 3487 potem
1205 3434 1241 3468 nt·

198 3510 245 3558 que
263 3497 357 3559 egregie
374 3496 481 3546 docuisse
497 3499 602 3548 Bmulh.
618 3501 648 3549 ad
658 3502 698 3549 Ti-
845 3504 905 3551 tlrrr.
1127 3496 1214 3546 Hm

198 3568 259 3617 bull.
271 3585 353 3618 verum
370 3581 406 3621 est
422 3572 518 3636 quidem
529 3574 559 3622 de
576 3576 644 3640 aquia
655 3576 698 3624 flu·
749 3577 785 3624 Ex
796 3575 896 3642 Virgilio
906 3583 985 3642 postet
1001 3570 1175 3637 illustramini
1187 3568 1248 3619 lm

198 3642 299 3700 minum,
311 3645 342 3694 ab
352 3644 423 3694 editis
433 3646 491 3695 locir
502 3663 583 3697 versus
591 3648 700 3700 iuferiora
749 3650 783 3697 iv.
795 3652 833 3699 13.

198 3733 290 3784 semper
306 3717 498 3781 decurrentibur3
515 3732 540 3770 at
555 3738 602 3771 non
618 3740 699 3774 verum
783 3723 910 3790 Degeneres
919 3727 1004 3772 anim
1015 3723 1082 3768 naor
1092 3723 1180 3788 φὴ.

198 3792 275 3842 eetde
285 3793 354 3860 aquis
365 3795 435 3844 modo
445 3795 492 3845 huc
503 3797 572 3845 modo
582 3797 639 3847 illuc
649 3800 700 3864 agi·
749 3796 796 3845 Sed
815 3814 862 3848 uon
879 3808 937 3864 puto
955 3793 1070 3844 Ovidium
1088 3798 1187 3843 thom
1204 3806 1247 3839 u·-

199 3869 332 3918 tatimarir.
366 3870 480 3919 Lanuui.
750 3871 930 3927 thamdirisre,
943 3866 1051 3935 quamvir
1066 3868 1159 3915 nortun
1172 3867 1242 3915 lum

232 3943 272 3991 8³.
291 3942 340 3990 Cur
358 3948 386 3992 n's
403 3945 561 4007 metuentium]
581 3945 698 3996 ltaTaei·
750 3946 823 3994 Lnnae
835 3945 944 3995 Catullus
954 3952 978 3992 et
994 3940 1118 3991 Lucretius
1135 3942 1238 3991 tubant-

199 4018 424 4070 turriii.1luu.25.
459 4020 521 4070 Nero
532 4026 699 4071 metuentiorr'n
749 4021 839 4071 Bonu.
1191 4026 1194 4031 '
1217 4072 1220 4077 ,

198 4101 325 4150 posteram,¹
343 4094 407 4158 quotl
424 4094 500 4144 curin
515 4105 576 4142 metu
591 4097 700 4144 intentior
782 4097 824 4143 90.
842 4097 927 4158 Spretis
945 4091 1029 4156 aporia]
1047 4092 1108 4147 Qun
1124 4091 1148 4138 vi
1167 4093 1239 4139 mtu-

201 4167 341 4216 mutandum
359 4180 472 4219 censeant
488 4170 529 4219 viri
548 4169 642 4229 eruditi,
656 4171 699 4237 ipsi
750 4186 801 4218 rum
812 4176 934 4218 commotae
946 4175 1022 4216 eraut.
1041 4166 1112 4215 Cror.
