2896 4980
498 363 756 429 HEROIDES.
781 364 850 428 ΕΡ.
875 362 957 429 XV.

1182 370 1247 435 187

203 535 306 610 Arsit
323 538 431 636 inops
449 537 571 624 frater,
592 550 725 637 captus
743 539 947 611 meretricis
966 562 1111 629 amore;

254 653 452 750 Mixtaque
470 680 557 727 curn
575 657 672 753 turpi
692 658 830 728 damna
846 656 987 752 pudore
1006 656 1102 729 tulit.

204 768 343 843 Factus
360 769 468 867 inops
486 771 573 865 agili
592 772 736 867 peragit
753 771 848 843 freta
864 771 999 843 caerula
1017 795 1138 859 remo;
1194 780 1242 848 65

253 884 433 983 Quasque
452 888 548 959 male
567 889 701 973 aurisit,
721 913 819 960 nunc
838 889 935 960 male
954 890 1087 983 quaerit
1104 914 1207 987 opes

204 1001 270 1076 Me
282 1026 448 1099 quoque,
464 1003 567 1099 quod
581 1004 707 1076 monui
725 1005 821 1076 bene
835 1003 952 1076 multa
964 1004 1134 1090 fideliter,
1149 1006 1239 1078 odit.

252 1116 336 1190 Hoc
355 1118 444 1190 mihi
462 1119 626 1204 libertas,
647 1121 716 1191 hoc
735 1120 797 1217 pia
814 1120 941 1214 lingua
958 1119 1073 1191 dedit.

203 1230 254 1305 Et
269 1242 463 1329 tamquam
479 1235 614 1320 desint,
635 1259 719 1330 quae
738 1259 796 1308 me
816 1236 895 1308 sine
913 1236 987 1307 fine
1004 1235 1171 1331 fatigent,

251 1347 480 1423 Adcumulat
497 1375 606 1423 curas
624 1351 699 1423 filia
717 1375 830 1447 parva
847 1376 962 1423 meas.

1194 1359 1242 1425 70

205 1463 349 1538 Ultima
361 1476 402 1537 tu
420 1468 555 1539 nostris
574 1468 721 1539 accedis
740 1492 874 1539 caussa
891 1469 1065 1562 querchs.

252 1580 341 1653 Non
358 1583 479 1676 agitur
495 1593 606 1654 vento
627 1595 753 1654 nostra
770 1583 895 1655 carina
912 1607 991 1655 suu.

204 1695 316 1783 Ecce,
333 1700 462 1793 jaccnt
479 1700 574 1771 collo
592 1702 710 1796 sparsi
729 1700 808 1771 sinc
826 1701 909 1795 lege
928 1699 1072 1796 capilli:

252 1810 289 1884 N
291 1836 335 1885 ec
355 1814 489 1910 premit
507 1814 681 1887 articulus
700 1815 824 1888 lucida
841 1840 1121 1910 gemmantem.

203 1926 316 2002 Veste
335 1941 441 2025 tegor
459 1930 538 2004 vili:
560 1931 701 2002 nullum
717 1942 774 2004 est
793 1933 829 2003 in
847 1932 1009 2004 crinibus
1024 1956 1170 2006 aurum:
1193 1939 1239 2006 75

252 2044 339 2119 Non
359 2046 484 2119 Arabo
503 2060 628 2121 noster
646 2074 726 2121 rore
743 2050 900 2147 capillus
918 2050 1004 2122 olet.

232 2208 274 2257 63.
295 2209 609 2275 l'ictrrsrnerrtriristratura]
627 2215 693 2262 l'inc·

778 2215 818 2261 70.
839 2213 899 2260 Filia
909 2213 1004 2274 purim]
1024 2212 1157 2262 Clcisfilia.
1187 2215 1239 2262 Sui-

203 2290 239 2329 trn
255 2282 330 2331 codex
350 2284 487 2341 Wittianus,
503 2302 549 2334 non
562 2287 637 2345 malc;
653 2288 695 2335 sed
745 2287 796 2336 das.
831 2289 964 2337 Brzrrsnas.

201 2354 308 2405 lincoln.
320 2359 429 2407 Francos.
441 2370 465 2407 et
476 2370 576 2423 quatuor
585 2361 634 2418 alii,
644 2380 695 2424 cap

203 2438 246 2479 tor.
266 2432 331 2495 quod
347 2433 424 2481 verius
439 2444 505 2499 puto.
523 2446 546 2483 et
561 2437 697 2485 meretriciis

201 2502 300 2555 fallaciis
320 2517 345 2557 et
365 2508 483 2557 illecebris
510 2511 695 2559 convenientius.

200 2578 315 2629 Meretrix
327 2598 381 2631 vero
393 2582 434 2632 illa
447 2584 557 2646 lihodnpr'r
567 2574 696 2643 dicebatur,

201 2660 259 2703 teate
276 2654 398 2704 Herodoto
409 2657 452 2705 lib.
464 2657 490 2705 ii.
507 2675 561 2723 cap.
576 2661 630 2708 135.
642 2675 696 2707 con-

200 2742 267 2777 serta
276 2730 369 2796 haupt,
380 2739 404 2779 et
415 2748 429 2779 a
440 2732 548 2781 Charaxo
559 2751 645 2797 magua
656 2751 696 2798 pe-

201 2802 396 2854 cuniamdemta.
414 2806 476 2854 unde
493 2823 613 2871 possumus
628 2809 696 2857 intel-

200 2872 280 2939 ligm,
300 2894 343 2927 cur
359 2880 464 2928 Fratrem
484 2880 513 2929 ad
535 2880 637 2945 inopiam
655 2882 697 2929 dc-

200 2946 291 3014 lipsum
310 2952 407 3017 Sappho
422 2953 461 3001 hic
479 2953 545 3003 dicit.
567 2954 695 3003 Atheniens

202 3024 309 3074 verolih.
326 3026 376 3074 xiii.
393 3043 445 3091 cap.
457 3028 481 3074 7.
502 3028 609 3076 Doricum
626 3045 695 3077 roca-

201 3102 249 3145 lam
257 3098 300 3154 ait,
309 3110 334 3148 et
342 3101 487 3151 Herodotum
497 3103 630 3151 confudisse
642 3120 696 3151 rum

201 3169 248 3220 dis
258 3172 402 3239 Rhodopide
420 3186 508 3224 censet.
525 3178 566 3224 sed
582 3178 696 3225 llnricaa

201 3245 276 3309 patria
291 3249 368 3311 potuit
385 3248 441 3297 dici.
458 3259 482 3298 ct
497 3250 583 3298 abhoc
599 3251 695 3298 Rhodo-

200 3316 254 3382 pide
260 3321 528 3385 proverbiummauarit,
538 3324 612 3374 nard
623 3324 695 3390 ὁμοῖα

201 3392 241 3441 rol
257 3390 381 3453 Ῥοδῶπις
400 3396 415 3455 ἡ
432 3398 507 3457 καλὴ,
529 3398 559 3445 de
578 3415 624 3462 qun
642 3399 695 3447 vida

199 3464 322 3515 schottum
343 3467 368 3515 in
393 3470 503 3518 l'rovcrb.
526 3487 555 3518 cx
583 3472 694 3521 l'aticau.

199 3537 310 3605 Append.
330 3543 429 3591 Centur.
448 3544 482 3590 iii.
504 3561 528 3591 u.
549 3546 589 3592 67.
624 3548 694 3594 Bru-

200 3626 313 3666 urruns.

230 3690 271 3739 65.
291 3692 389 3755 Peragit
402 3693 494 3758 flattu]
517 3695 575 3742 Vid.
596 3696 626 3744 ad
651 3697 695 3743 l’e-

200 3770 259 3813 trum
274 3767 330 3815 119.
340 3767 416 3815 innuit
424 3785 479 3816 vero
487 3769 590 3818 Piratam
600 3772 695 3819 facturn.

200 3835 284 3888 Pharo
305 3841 370 3888 enim
387 3840 439 3891 ἀπὸ
457 3847 501 3891 τοῦ
513 3848 609 3908 πειρᾶν,
622 3862 637 3893 a
644 3863 695 3907 per·

198 3916 284 3977 agendo
293 3922 319 3963 et
334 3917 486 3980 pervagando
503 3919 577 3967 maria
590 3920 655 3968 dicti.
673 3930 696 3967 ct

198 3986 252 4039 hinc
273 3988 343 4039 addit
365 3994 423 4039 mole
442 3997 522 4056 querit
548 4013 606 4056 oper,
634 3996 696 4060 turpi

198 4072 299 4127 questu,
311 4082 367 4123 non,
377 4076 404 4114 ut
421 4067 547 4125 Domitius,
563 4071 644 4119 multis
659 4071 695 4118 in-

198 4140 328 4189 commodis
338 4148 362 4188 et
374 4140 453 4189 labora
464 4160 471 4199 ;
488 4143 531 4190 nisi
541 4153 644 4193 statuere
655 4162 695 4192 vc·

196 4209 265 4265 limus
271 4214 342 4266 illum
353 4214 466 4278 remigem
477 4216 573 4266 lactum.
607 4218 695 4267 Burrio.

778 2365 818 2411 72.
839 2365 890 2411 h'on
902 2374 964 2411 rann»
974 2363 1032 2424 san]
1045 2362 1150 2410 Adverso
1161 2372 1239 2409 vento.

747 2437 896 2502 Metaphora.
931 2436 1002 2484 Cror.

779 2512 819 2559 76.
839 2511 889 2557 Non
903 2513 1003 2558 :irnham
1016 2518 1088 2556 noster
1098 2512 1155 2555 dorm
1168 2512 1239 2571 copil-

747 2585 856 2647 lrnnlet.]
876 2585 914 2631 Ita
925 2583 1066 2645 Naugerius.
1079 2580 1149 2628 nostri
1160 2597 1241 2631 omnes

747 2660 822 2706 drohn
838 2676 896 2706 rore.
914 2658 977 2722 quod
989 2665 1076 2703 temere
1092 2664 1182 2702 mutare
1199 2673 1240 2704 no·

746 2732 797 2780 lim.
832 2734 894 2780 Naar
911 2743 935 2780 et
952 2731 993 2780 lib.
1010 2749 1033 2778 v.
1057 2730 1159 2776 Metam.
1181 2732 1239 2779 405.

746 2810 804 2855 alera
822 2823 875 2854 cunr
893 2817 960 2854 sexto
977 2822 1033 2853 casu
1047 2805 1177 2868 conjunxit.
1199 2806 1240 2853 uhi

746 2880 819 2929 habes
835 2883 919 2928 olentia
935 2880 1042 2941 sulphure
1057 2887 1137 2941 stagna
1151 2878 1240 2925 Palico-

746 2971 806 3002 rum.
825 2971 871 3018 quo
888 2954 981 3001 nominc
999 2969 1013 3000 a
1029 2951 1144 2999 Diomede
1162 2968 1239 3014 gram-

746 3030 831 3079 matico
853 3039 954 3085 notatur,
976 3039 1088 3092 tauquam
1114 3026 1239 3091 improprie

746 3104 846 3153 locutus.
880 3106 954 3152 Arabo
970 3120 1020 3149 rnre
1036 3100 1098 3166 qnod
1112 3101 1179 3157 dixit,
1190 3101 1239 3149 ele-

745 3188 828 3242 ganter
849 3178 944 3227 facturn.
989 3178 1074 3223 Arabos
1093 3191 1135 3240 pro
1156 3176 1240 3223 Arabes

746 3270 839 3318 quoque
850 3254 961 3301 Plautum
972 3266 1095 3316 usurpasse
1106 3251 1131 3297 in
1138 3250 1240 3298 Bacchi·

746 3328 815 3376 dihus
826 3336 851 3375 et
867 3327 975 3381 Poenulo,
988 3323 1113 3389 Virgilium
1125 3323 1240 3373 rtheidos

746 3403 854 3467 septimo,
871 3402 995 3456 Lucilium,
1007 3400 1115 3454 Cinnam,
1131 3398 1239 3447 Cassium

746 3476 770 3523 in
789 3477 909 3543 Epistolis,
928 3474 1048 3523 Charisius
1064 3474 1181 3538 Sosipater
1197 3474 1239 3519 oh·

745 3562 831 3600 servat.
849 3552 980 3599 llrrssrrs.
1014 3550 1043 3596 In
1060 3549 1167 3597 Francus.
1181 3558 1239 3605 erat,

747 3643 791 3672 non
807 3628 907 3673 Arolrrrm
922 3628 980 3672 dorin
993 3626 1090 3686 rupilius
1101 3625 1165 3669 lnrhrt
1172 3640 1180 3679 ,·
1198 3623 1239 3669 sed

746 3699 804 3746 mihi
822 3716 915 3764 quoque
935 3699 1063 3763 perplacet,
1082 3699 1156 3743 druhn
1174 3712 1240 3741 rnre:

746 3790 801 3821 nam
816 3776 918 3821 ,lrnlrurn
935 3781 959 3819 et
974 3774 1068 3818 rlruhnnr
1084 3778 1174 3815 veteres
1188 3766 1239 3813 dix-

746 3849 791 3896 isse
803 3847 895 3911 egregie
907 3846 992 3893 docent
1005 3844 1099 3892 Servius
1110 3850 1134 3888 ct
1151 3840 1241 3887 Pierius

747 3921 777 3969 ad
795 3920 888 3985 Virgilii
904 3920 945 3965 rii.
960 3917 1056 3965 AEneid.
1068 3917 1125 3962 605.
1143 3913 1173 3959 de
1193 3931 1242 3961 rore

746 4013 802 4045 vero
813 3999 897 4050 Arabo,
909 3994 957 4042 sive
968 3991 1075 4054 Myrrha,
1088 3988 1136 4034 sire
1150 3989 1238 4045 Nardo,

746 4071 795 4119 sire
803 4070 849 4119 alio
858 4069 937 4121 odore,
948 4065 1002 4113 vide
1014 4064 1104 4110 Illustr.
1112 4062 1240 4125 spanhem.

746 4144 777 4191 ad
795 4140 936 4191 Callimachi
957 4139 1030 4201 llym.
1051 4136 1075 4184 in
1096 4135 1177 4200 Apoll.
1197 4139 1239 4187 ³8.

746 4218 833 4264 Bcnu.
