2896 4980
198 317 264 382 Μ
491 313 529 377 Ρ.
555 312 716 378 OVIDII
740 312 967 379 NASONIS·

203 489 343 562 Durius
361 497 399 560 et
416 487 510 560 serro
527 510 613 559 curn
632 486 682 558 sit
698 486 766 559 tibi
784 497 930 584 pectus,
950 485 1108 575 Aconti3

250 602 309 676 Tu
327 602 472 675 venium
490 602 627 674 nostris
645 601 800 674 vocibus
818 603 900 700 ipse
919 612 1039 700 petus.
1167 606 1233 675 230

202 719 263 792 Ne
280 728 408 791 tamen
424 719 585 813 ignores,
604 739 677 813 ope
695 714 773 811 qul
789 715 1018 790 revalescere
1036 717 1197 815 possim:

250 833 439 918 Quaeritur
455 857 477 905 a
496 832 656 930 Delphis
673 830 750 904 fata
767 843 930 906 canente
945 832 1043 908 Deo.

201 950 240 1023 ls
257 973 410 1047 quoque
428 948 555 1022 nescio
574 970 701 1044 quam,
718 972 821 1021 nunc
835 959 878 1021 ut
890 972 986 1046 vaga
1001 948 1104 1023 sarna
1118 972 1235 1023 susor-

250 1063 287 1136 N
289 1064 475 1160 eglectam
493 1061 662 1159 queritur
678 1061 786 1135 testis
804 1063 944 1136 habere
960 1062 1091 1138 fidem.
1155 1064 1235 1160 [rat

200 1178 284 1252 Hoc
304 1178 409 1252 Deus
426 1190 466 1252 et
483 1188 599 1263 vates,
619 1177 690 1248 hoc
708 1187 748 1249 et
764 1201 851 1251 mea
866 1179 1203 1254 earmina-diem:

249 1294 301 1367 At
318 1294 456 1367 desunt
471 1304 558 1367 voto
576 1293 742 1366 carmina
759 1292 860 1365 nulla
876 1303 955 1367 tuo.
1169 1296 1237 1367 236

201 1407 312 1482 Unde
330 1409 397 1482 tibi
417 1407 518 1481 favor
536 1408 623 1481 hicl
651 1407 722 1479 nisi
740 1408 843 1503 quod
870 1432 967 1481 nova
983 1407 1078 1484 forte
1097 1418 1240 1508 reperta

248 1522 343 1607 Quae
361 1524 488 1621 capiat
504 1546 661 1618 magnos
679 1523 787 1595 litera
803 1523 903 1597 lecta
921 1524 1037 1598 Deos.
1155 1527 1238 1621 [est

198 1637 329 1736 Teque
347 1650 498 1713 tenente
514 1638 629 1724 Deos,
649 1662 788 1712 numen
806 1663 944 1737 sequor
961 1641 1046 1739 ipsa
1057 1639 1239 1715 Deorum:

251 1752 387 1854 Doque
404 1755 525 1829 libens
543 1755 660 1829 victos
679 1755 718 1828 in
735 1765 801 1831 tua
816 1767 903 1830 vota
921 1780 1066 1831 manus.
1169 1760 1241 1830 240

229 2111 288 2159 2³4.
307 2108 440 2173 Neglsrtom
454 2114 560 2174 queritur
576 2116 638 2161 testis
653 2115 694 2161 lu·
746 2115 808 2164 Eun.
819 2115 880 2165 its.
915 2116 1059 2178 mmm
1072 2115 1243 2164 adom

196 2187 247 2233 ltere
255 2184 353 2249 fidem]
371 2184 429 2233 J-ure
442 2184 618 2250 inexplicabilia
636 2188 695 2244 huc,
746 2191 835 2237 latere.
869 2189 961 2246 Cicero,
978 2191 1074 2237 sonim
1092 2190 1174 2238 lslsrs
1191 2190 1240 2238 lili·

197 2267 223 2307 ut
230 2274 293 2307 nunc
301 2256 419 2321 leguntur,
428 2257 563 2322 pronuntiat
570 2258 696 2324 Micyllus,
747 2264 810 2311 ‹liscs
821 2271 845 2311 et
854 2261 948 2310 similis.
963 2261 983 2310 si
1001 2261 1107 2325 legamus
1117 2276 1173 2310 vero
1183 2261 1243 2311 Dus

195 2332 239 2382 sed
249 2339 276 2381 ut
286 2331 374 2395 aliquis
380 2347 463 2380 sensus
474 2342 594 2398 appareat,
600 2333 633 2382 ita
641 2350 697 2383 con·
747 2344 771 2383 et
783 2346 852 2393 estes,
862 2334 1032 2399 intelligendus
1044 2334 1155 2383 sacerdes
1164 2344 1192 2385 et
1202 2350 1241 2385 ss·

196 2406 330 2455 stituerem:
747 2408 813 2457 tistes
824 2408 916 2474 templi.
933 2408 976 2457 sed
987 2406 1079 2463 malim,
1093 2407 1242 2459 nomm

230 2480 254 2528 ls
262 2496 348 2542 ottoque
359 2482 432 2526 neseio
442 2497 517 2542 quom,
528 2498 591 2528 uisne
601 2492 628 2528 ut
638 2499 695 2546 sugo
746 2492 815 2538 ostes,
824 2491 849 2530 ut
860 2481 946 2546 Apollo
955 2482 1004 2547 ipse
1011 2479 1241 2548 intelligatur,qusn

284 2553 356 2616 famu
366 2563 481 2609 susurrat,
747 2565 818 2602 votem
830 2555 878 2603 dici
890 2554 1021 2603 videbimus
1030 2552 1061 2602 sd
1073 2554 1090 2602 i.
1103 2554 1186 2604 Amor.
1196 2555 1246 2605 viii.

262 2625 396 2691 Neglsstnm
410 2629 523 2690 queritur,
535 2630 605 2685 sessis,
616 2632 696 2678 holere
746 2630 786 2676 59.
803 2628 891 2677 deiude
903 2645 952 2676 mss
962 2630 1066 2675 earmina
1083 2636 1179 2694 ponent
1193 2628 1244 2695 qni·

285 2701 368 2761 fidere.
747 2701 801 2749 dem
813 2701 925 2766 explicari
937 2701 993 2749 milri
1005 2716 1048 2766 per
1063 2702 1186 2751 oraculum
1196 2700 1242 2752 etli-

231 2772 261 2819 st
272 2772 336 2821 Deus
352 2775 391 2821 los
403 2784 471 2832 oum,
482 2777 522 2823 loc
535 2785 558 2823 et
574 2777 631 2823 mili
643 2795 695 2825 ecr-
747 2783 780 2830 ta,
791 2775 833 2823 sed
850 2791 905 2824 cum
919 2793 968 2822 uses
986 2783 1011 2823 ct
1025 2778 1097 2832 milri,
1108 2786 1151 2825 tu
1165 2784 1191 2825 et
1205 2778 1246 2825 tili

293 2851 354 2895 miso
366 2851 458 2896 diurne.
746 2848 836 2896 centies
846 2848 910 2913 apud
921 2847 1034 2897 Ovidium
1046 2848 1241 2900 slilsrsriiseun·

229 2921 299 2986 (sur
325 2925 405 2970 aetum
426 2934 475 2972 oso
502 2929 604 2974 somna
628 2927 696 2975 ‚tntu
746 2921 830 2969 muas
840 2923 939 2978 soleant.
949 2921 1036 2969 malim
1046 2924 1203 2971 sitim-s
1217 2926 1243 2972 'st

294 2996 355 3059 tuo.)
745 2994 810 3059 quod
824 3004 896 3044 auten
905 2995 1001 3050 isuram,
1011 3012 1066 3061 quas
1082 2995 1186 3045 mendax
1195 3010 1242 3046 n

196 3069 220 3117 Is
238 3070 313 3128 Deus,
322 3071 389 3120 testis
404 3079 429 3120 et
446 3073 534 3122 arbiter
542 3074 696 3139 jurisjurandi
745 3077 830 3132 Ρθῑθδῑ,
851 3084 970 3118 mturare
997 3068 1092 3127 dimit.
1117 3085 1181 3120 ΜΝ
1200 3068 1241 3120 ffl

196 3143 251 3199 mei,
269 3146 374 3208 queritur
388 3145 467 3194 nescio
481 3163 562 3211 quam,
574 3148 694 3211 (uomina.
746 3157 840 3205 quoque
849 3155 956 3190 constare
966 3158 995 3192 es
1006 3142 1059 3207 ipso
1070 3142 1245 3209 Deirespossn,

195 3214 238 3262 tim
249 3217 313 3263 enirn
319 3218 441 3267 oraculum
452 3236 499 3268 non
508 3221 582 3269 solere
592 3222 696 3286 aliquem
745 3214 888 3264 ominibus
897 3216 969 3272 edim,
981 3216 1089 3265 ssffimel·
1107 3215 1160 3265 hbe
1169 3215 1241 3266 ml!

196 3287 319 3351 designare
330 3300 427 3355 apparet
435 3292 507 3340 etiam
518 3310 548 3342 ex
560 3294 634 3360 Epist.
646 3296 696 3343 xiii.
745 3288 845 3354 stupido
853 3289 959 3354 quodam
966 3288 1097 3340 concludit.
1130 3291 1186 3337 Al!
1199 3290 1242 3353 (its

197 3362 237 3408 93.
746 3372 809 3411 recte
824 3362 897 3411 etium
907 3362 1031 3428 Crispinus
1048 3362 1168 3428 eonjesit)
1180 3362 1241 3413 nslls

229 3435 282 3482 Sors
287 3452 371 3498 qums
382 3440 525 3500 nescioquem
534 3438 584 3499 fsto
592 3440 696 3503 designat
747 3436 860 3493 carmina,
871 3453 948 3503 neque
959 3445 1011 3493 tus,
1022 3438 1111 3502 quibus
1126 3453 1166 3487 ne
1176 3436 1241 3487 ‹less-

261 3509 363 3571 intorto.)
746 3510 810 3575 pisti,
826 3527 903 3576 neque
918 3510 1046 3576 Apollinis,
1057 3510 1100 3559 tibi
1114 3510 1206 3568 damst.
1216 3517 1240 3557 nt

195 3581 283 3630 habere
294 3582 427 3645 neglectam
437 3583 518 3633 fidem.
531 3588 592 3632 testis
599 3594 635 3634 est
645 3587 696 3652 ipse
747 3592 801 3632 voto
811 3584 908 3648 potiaris
923 3593 975 3633 tuo.
1008 3583 1058 3642 Qui
1073 3582 1174 3633 meliors
1183 3589 1239 3632 sttu-

197 3654 272 3703 Deus.
289 3663 315 3703 ut
325 3655 439 3721 superiori
450 3656 558 3722 Epistola
567 3658 624 3706 212.
746 3657 807 3712 lerit,
818 3657 919 3705 libentes
928 3656 951 3706 ei
960 3672 1119 3720 assurgemus.
1135 3657 1222 3705 Bonis.

229 3728 283 3777 Esse
310 3738 374 3777 tuum
398 3733 496 3778 unctam
523 3735 616 3780 crimine
643 3743 697 3782 teste
779 3732 836 3779 238.
854 3731 960 3793 Copiot.]
980 3731 1047 3780 Male
1063 3729 1187 3797 Micyllus,
1200 3728 1238 3779 tle·

252 3805 335 3866 fidem.
746 3806 826 3859 lactet,
837 3812 931 3852 moveat
941 3804 1057 3869 explicet:
1075 3812 1113 3853 est
1120 3804 1183 3853 enirn
1192 3801 1239 3852 els-

195 3877 259 3926 Nam
266 3878 352 3927 millies
361 3876 395 3926 its
403 3877 613 3928 inhaeredicitur.
633 3880 694 3944 ng·
745 3877 795 3935 dat,
814 3878 893 3934 fallat,
910 3886 938 3926 ut
954 3893 1019 3941 supr.
1030 3892 1093 3926 vers.
1116 3877 1171 3935 104,
1189 3872 1239 3930 Ill.

195 3954 275 4000 lectum
293 3955 367 4015 fidem
388 3954 468 4003 tulere
488 3962 551 4003 recto
572 3953 695 4017 Crispinus
748 3953 802 4000 122.
829 3961 856 4001 ut
876 3968 932 4016 ergo
951 3966 989 3999 mc
1006 3950 1077 4000 litera
1093 3950 1195 4016 decepit,
1206 3947 1237 3998 itt

194 4025 298 4089 explicat
323 4042 364 4092 pro
391 4028 520 4095 negligere,
550 4036 575 4076 ut
596 4027 692 4076 Terent.
745 4028 804 4076 forte
815 4042 876 4075 nova
886 4026 951 4076 Deos
962 4023 1076 4092 desipiat.
1092 4026 1182 4075 Bous.
