2896 4980
644 345 757 411 vrrs.
936 327 940 336 '
1101 352 1355 439 wa,

224 512 332 579 Natus
347 524 397 580 est
411 516 520 578 autem
539 511 650 577 Hirtio
669 523 703 578 et
720 511 829 578 Parus
847 513 939 579 Coss.
956 516 1013 600 qui
1027 513 1114 581 bello
1128 515 1233 582 Anto·

181 616 276 804 ἓίἶέἓ)
291 617 379 783 :pud
395 615 557 681 Mutinam
574 615 712 701 peremti
731 625 816 693 sunt,
831 626 868 680 ut
882 617 952 701 ipsa
967 617 1000 681 in
1015 617 1055 683 lv.
1072 618 1115 683 de
1129 615 1231 684 Trist.

260 921 369 985 Editus
381 922 451 984 hinc
463 943 517 1003 ego
529 944 605 994 sum,
620 943 674 984 uec
686 943 754 994 nou,
767 934 802 983 ut
815 934 946 1003 tempora
958 924 1045 994 noris,

298 1017 376 1077 Cum
388 1017 495 1080 oecidit
506 1018 568 1079 fato
580 1017 679 1079 consul
691 1029 815 1098 uterque
827 1018 899 1098 pari.

226 1229 309 1295 Cum
329 1240 438 1296 autem
460 1228 576 1296 Romae
597 1251 758 1296 unacum
783 1229 882 1296 fratre
908 1230 969 1295 auh
994 1229 1175 1295 clarissimis
1199 1242 1234 1298 et

183 1330 396 1417 grammaticis
415 1341 449 1398 et
468 1331 656 1396 rhetoribus
672 1329 845 1416 plurimum
862 1330 1071 1417 proiecisset3
1093 1331 1233 1417 legibus,

183 1443 319 1519 cogente
333 1444 438 1519 patre,
454 1432 510 1517 qui
524 1431 733 1495 humanitatis
747 1433 855 1497 studia
874 1431 998 1497 inutilia
1016 1455 1087 1499 esse
1102 1444 1234 1499 conten-

184 1535 293 1614 debat,
309 1536 409 1620 coepit
423 1535 621 1611 incumbere,
636 1543 670 1598 et
691 1533 829 1618 profecit
847 1533 986 1619 legibus,
1001 1545 1036 1600 et
1054 1534 1233 1600 honoribus

183 1636 311 1702 functus
326 1649 385 1702 est.
424 1635 492 1700 Sed
504 1657 577 1700 cum
592 1634 698 1698 forum
712 1633 910 1720 displiceret,
926 1635 1015 1719 quod
1029 1646 1116 1702 esset
1130 1638 1234 1722 majus

183 1761 264 1804 onus
286 1739 355 1825 ejus
377 1738 509 1815 viribus,
532 1736 645 1801 relicti
663 1738 753 1803 curid
771 1747 806 1801 et
823 1735 880 1801 lati
900 1736 979 1802 clavi
1002 1740 1167 1816 servitute,
1190 1739 1233 1803 ad

183 1841 414 1906 mansuetiores
424 1863 531 1904 musas
542 1839 653 1917 rediit3
672 1840 850 1924 poetasque
862 1862 972 1904 omnes
983 1839 1068 1905 illius
1079 1840 1234 1926 temporis
1273 1836 1276 1841 ’

184 1954 261 2008 natu
275 1944 413 2029 majores
428 1942 557 2007 assidue
578 1939 688 2020 coluit,
704 1953 802 2027 atque
822 1962 842 2006 a
861 1943 1039 2008 minoribus
1056 1965 1150 2027 oeque
1168 1942 1235 2008 cul-

183 2055 235 2110 tus
256 2046 327 2132 ipse
348 2055 407 2110 est.
454 2044 540 2118 Quae
562 2046 668 2110 omnia
688 2046 722 2109 in
743 2045 784 2109 iv.
802 2044 844 2109 de
866 2044 968 2108 Trist.
993 2043 1088 2130 Eleg.
1113 2068 1145 2110 x.
1170 2042 1235 2110 ele·

184 2147 367 2231 gratissime
384 2146 505 2211 scribit

227 2248 394 2335 Benignus
408 2250 505 2312 etiam
519 2248 603 2313 adeo
619 2247 690 2326 fuit,
706 2258 744 2311 ut
757 2246 864 2312 nullus
878 2269 1021 2332 unquam
1034 2270 1128 2332 opus,
1144 2249 1234 2333 quod

168 2351 252 2435 ,ipse
274 2361 510 2436 composuerat,
533 2350 700 2435 carpserit.
747 2348 848 2423 Quod
870 2350 916 2415 sic
943 2352 1013 2435 ipse
1041 2360 1179 2417 testatum
1200 2351 1234 2415 in

184 2453 224 2516 iv.
242 2454 283 2520 de
298 2452 400 2518 Trist.
419 2451 514 2537 Eleg.
531 2475 573 2516 x:

261 2656 337 2727 Nec,
350 2657 401 2735 qui
414 2656 557 2716 detrecm
570 2656 732 2735 prasentia,
746 2656 818 2716 livor
831 2656 930 2735 iniquo

300 2751 403 2811 Ullum
416 2752 453 2812 de
466 2751 570 2811 nostris
583 2750 672 2813 deute
685 2750 838 2811 momordit
850 2770 930 2831 opus

226 2964 302 3030 Fuit
316 2976 350 3030 et
363 2964 506 3030 moribus
521 2965 759 3030 ornatissimus:
783 2987 857 3028 nam
868 2975 902 3028 et
912 2965 1020 3028 vinum
1033 2963 1135 3061 multi
1149 2968 1234 3051 aqud

184 3063 320 3132 dilutum
334 3068 479 3143 bibebat,
495 3078 528 3131 et
545 3089 565 3131 a
584 3067 777 3132 detestando
795 3069 1163 3152 puerorumconcubitu
1177 3071 1235 3134 ab·

184 3166 348 3246 horrebat,
367 3180 500 3253 eratque
521 3192 622 3254 purus
644 3172 745 3235 omnis
764 3169 903 3234 sceleris.
950 3171 1005 3235 Sic
1023 3171 1108 3235 enim
1122 3172 1193 3257 ipse
1210 3173 1231 3238 i.

183 3268 226 3334 de
240 3269 358 3348 Ponto,
375 3268 470 3355 Eleg.
488 3292 530 3334 x:

260 3435 371 3496 Parvus
384 3438 415 3496 iu
428 3438 519 3498 exilas
531 3459 633 3498 succus
646 3440 717 3497 mihi
731 3440 863 3518 pervenit
877 3452 968 3511 artus,

299 3530 491 3610 Membraque
504 3542 572 3591 sunt
586 3532 651 3591 ceri
664 3533 816 3611 pallidiora
827 3535 911 3594 novit.

249 3625 329 3684 'Non
342 3626 403 3686 hac
416 3627 567 3687 immodico
579 3629 708 3687 contraxi
722 3629 827 3688 damna
840 3630 944 3709 Lyao:

299 3720 362 3781 Scis
375 3723 446 3781 mihi
460 3744 546 3801 quam
560 3722 627 3783 solra
639 3745 721 3803 pane
735 3725 873 3785 bibantur
886 3745 976 3804 aqua.

175 3821 177 3824 ’
260 3814 329 3874 Nou
342 3815 436 3894 epulis
448 3837 565 3877 oneror:
588 3838 710 3895 quarum
724 3819 748 3876 si
762 3829 865 3896 tangar
877 3839 983 3888 amore,

300 3910 356 3970 Est
370 3921 469 3969 tamen
482 3911 513 3969 iu
527 3911 640 3971 Geticis
652 3912 734 3992 copia
747 3912 828 3970 nulla
840 3912 919 3971 locis.

259 4004 291 4062 N
291 4026 325 4065 ec
337 4006 412 4065 vires
425 4005 527 4065 adimit
540 4006 665 4066 Venaria
677 4006 812 4065 damnosa
825 4005 977 4083 voluptas:

297 4099 366 4161 Nou
379 4100 452 4160 solet
465 4101 496 4159 iu
509 4113 628 4161 moestos
640 4101 693 4160 illa
705 4101 804 4160 venire
817 4110 901 4160 toros
