2896 4980
459 311 674 380 AMORUM
697 311 788 377 LIB.
812 310 958 377 111.12.
1169 310 1234 378 487

194 483 366 584 luppiter
383 487 503 560 autin
521 510 621 572 aves,
641 495 706 560 aut
723 508 764 558 se
778 483 1016 558 transformat
1028 483 1067 557 in
1081 506 1229 558 aurum:

238 601 316 674 Aut
333 610 439 675 secat
455 600 632 700 impositi
649 598 792 695 virgine
809 608 937 673 taurus
956 622 1087 696 aquas.

194 714 328 790 Protea
344 716 436 813 quid
454 716 624 802 referam,
638 713 896 814 Thebanaque
910 715 1065 801 semina,
1077 714 1233 789 dentes?

238 829 312 916 Qui
330 842 525 906 vomerent
540 832 711 905 flammas
729 855 805 917 ore,
825 831 940 905 luisse
955 831 1092 905 boves?
1184 834 1234 903 36

196 944 297 1021 Flere
315 948 423 1043 genis
441 947 581 1021 electra
596 957 694 1034 tuas,
713 944 867 1041 Auriga,
887 946 1054 1020 sorores?

239 1059 412 1159 Quaeque
429 1071 528 1135 rates
543 1060 692 1145 luerint,
710 1084 809 1133 nunc
825 1061 937 1134 maris
956 1085 1040 1134 esse
1059 1058 1184 1134 Deus?

195 1174 453 1273 Aversumque
470 1177 571 1250 diem
589 1177 728 1249 mensis
746 1175 940 1249 furialibus
958 1176 1086 1250 Atrei?

242 1289 425 1388 Duraque
442 1314 659 1390 percussam
677 1313 772 1363 saxa
791 1302 922 1364 secuta
938 1291 1080 1389 lyram?
1186 1294 1236 1362 40

198 1402 284 1479 Exit
300 1406 339 1480 in
357 1407 582 1481 immensum
599 1404 762 1480 fecunda
779 1407 932 1480 licentia
948 1417 1096 1480 vatum:

184 1504 188 1515 ¹
245 1510 401 1617 Obligat
418 1521 595 1595 historici
614 1546 684 1595 nec
703 1547 772 1595 sua
788 1524 903 1596 verba
919 1523 1005 1597 fide.

200 1633 247 1708 Et
262 1661 347 1711 mea
364 1637 547 1711 debuerat
563 1636 657 1710 falso
675 1638 826 1710 laudata
842 1638 958 1711 videri

246 1752 414 1827 Femina.
442 1753 643 1826 credulitas
662 1777 759 1827 nunc
778 1753 870 1826 mihi
887 1764 1012 1827 vestra
1028 1763 1151 1826 nocet.

229 2042 349 2092 &Uim
364 2047 428 2110 genie
439 2047 531 2111 Auriga
546 2049 593 2095 iuis
608 2048 692 2095 electra
742 2048 948 2104 leremvmueert,
960 2050 1023 2112 nigri
1039 2056 1093 2095 runt
1102 2045 1174 2111 sueti.
1201 2045 1239 2091 So·

199 2117 306 2181 moreti]
326 2116 501 2181 Italegendum
512 2128 538 2168 ut
548 2128 584 2168 est
599 2119 625 2168 in
641 2136 690 2169 ma·
741 2137 802 2170 rores
816 2131 893 2169 eutem
907 2120 1038 2170 Pbuitontie
1049 2123 1105 2169 dum
1120 2121 1240 2168 interitum

201 2189 334 2256 ΠΜὶΡῐὶΙῑ
742 2195 826 2258 deflent
828 2195 928 2259 fratris,
939 2197 965 2242 in
976 2197 1065 2242 arbom
1079 2194 1172 2256 pipuior
1187 2200 1241 2240 eunt

231 2263 297 2314 Flere
305 2267 370 2329 genis
382 2266 466 2314 electro
476 2276 536 2322 titur,
551 2269 650 2333 Auriga,
660 2284 692 2316 ro·
742 2285 818 2317 verte.
845 2268 938 2317 Harum
956 2270 1068 2332 lacrymer,
1085 2277 1112 2315 ut
1130 2266 1242 2314 Hesiodus

260 2354 329 2386 rm&
742 2343 839 2398 indicat,
861 2343 887 2388 in
916 2341 1034 2390 Electrum
1060 2349 1113 2388 tunt
1139 2341 1242 2387 durate:

202 2408 263 2459 Ordo
272 2419 317 2468 est,
329 2410 345 2458 d
355 2409 455 2475 Auriga,
465 2413 566 2462 subaudi
580 2415 693 2479 asuperi·
745 2416 855 2464 Heliades
865 2425 940 2464 tumen
951 2418 1106 2463 imminuatur.
1127 2412 1188 2460 Sunt
1199 2428 1242 2459 eu-

200 2482 276 2533 ΜἹΜ
287 2485 351 2539 Quid
360 2485 466 2548 rejbroin,
476 2494 529 2535 tuas
538 2502 626 2536 sorores
639 2489 695 2537 flere
745 2499 788 2538 tem
807 2489 909 2550 Merope,
929 2488 1005 2543 Helie,
1022 2488 1099 2552 AEgle,
1118 2480 1243 2547 lampetio,

201 2555 285 2607 deutra
295 2555 372 2622 genis.
388 2557 504 2607 Minius.
523 2559 633 2624 Hyginus
642 2576 694 2626 cap.
746 2563 850 2618 Platea,
873 2562 974 2617 Benene,
996 2561 1114 2622 Dioxippe.
1135 2557 1198 2607 Vide
1218 2569 1243 2606 et

200 2628 255 2681 cliv.
281 2631 386 2680 Pituiton
405 2632 510 2696 Clymeni
524 2633 583 2683 Solii
594 2636 654 2698 fini,
673 2646 695 2684 et
744 2637 786 2685 lib.
796 2636 822 2685 ii.
832 2635 1058 2700 Metamorphoseos.
1092 2633 1163 2681 Cror.

202 2703 582 2771 MerepuNgmplrefilius,quum
600 2709 695 2758 Oceani·
777 2712 817 2758 40.
842 2710 975 2758 Pero-rusum
996 2706 1091 2771 lyram]
1122 2706 1243 2756 Perciusur

202 2779 267 2827 uam
285 2781 419 2841 aceepimur,
438 2797 490 2828 eum
516 2784 601 2831 indicio
622 2786 696 2844 patris
746 2780 1120 2847 lyrurFrancol.Bern.Serravii
1133 2787 1158 2829 et
1174 2781 1243 2829 multi

201 2866 266 2900 erun
276 2851 349 2900 Solem
359 2855 500 2916 cognitae,
511 2857 636 2916 impetretis
643 2874 696 2905 eur·
746 2856 795 2913 alii,
806 2865 833 2905 ut
843 2856 908 2905 etad
920 2855 1009 2921 Orphei
1022 2865 1047 2903 et
1056 2850 1197 2918 Amphionis
1206 2854 1243 2902 sa·

201 2926 262 2974 ritui
270 2927 329 2975 mule
339 2943 393 2974 uiui
403 2937 448 2975 est:
464 2945 517 2976 uum
525 2946 576 2976 cum
583 2940 635 2978 esset
645 2948 697 2992 pro·
747 2931 816 2979 bulas
826 2929 971 2995 respiciatur.

200 3000 251 3060 pius
265 3008 351 3048 terrun
368 3010 452 3058 uectus,
470 3004 544 3051 ticino
557 3006 607 3068 igni
624 3007 699 3052 mania
780 3007 821 3052 44.
841 3003 949 3066 Nouia]
964 2999 1244 3065 Meudosesic.1ieetiuo

202 3073 389 3138 mplugrurunss
405 3084 428 3122 et
430 3073 535 3138 fulmine
542 3078 641 3133 ictuum
644 3079 697 3140 flu·
747 3079 772 3126 in
788 3076 955 3143 manuscriptis
965 3073 1138 3139 exemplaribus
1150 3073 1244 3138 legitur,

202 3162 251 3195 nen
265 3146 354 3194 Pedum
365 3149 454 3196 cecidit.
476 3149 697 3198 ilicumnisuGru-
751 3151 843 3199 Vestra:
866 3149 994 3213 alloquitur
1012 3147 1075 3195 enirn
1089 3147 1174 3195 rivales
1191 3162 1246 3195 suos

204 3219 543 3285 eisEriduniudieitnr‚quem
560 3223 699 3287 Pherecydes
748 3223 830 3272 Poeta.
864 3221 943 3279 Quod,
959 3218 1045 3285 inquit,
1062 3219 1121 3268 meis
1135 3219 1245 3269 carmini·

201 3295 287 3352 prinus
297 3295 395 3342 anemii.
422 3292 643 3360 lndiuutem‚quod
657 3314 695 3346 ca·
747 3297 792 3345 bus
808 3294 907 3343 nimium
926 3293 1016 3343 creduli
1038 3293 1122 3350 fuistis,
1140 3294 1165 3342 id
1187 3293 1244 3343 mihi

204 3364 249 3415 iore
259 3368 406 3431 oieiuiignie‚
419 3371 513 3432 sanguis
528 3372 553 3417 in
570 3379 647 3419 atrium
662 3390 697 3419 co·
748 3377 824 3418 uocet.
857 3370 971 3417 Murrius.
