2896 4980
484 335 709 403 moltura.
745 335 837 402 ΠΒ.
862 337 891 402 1.
914 337 945 403 2.
1174 342 1240 408 301

153 472 159 617 3¹
197 510 300 586 Laeta
316 510 627 610 triumphantide
645 533 791 583 summo
810 509 936 585 Mater
954 508 1123 610 Olympo

246 625 431 717 Plaudet3
460 638 500 701 et
515 627 708 725 adpositas
726 635 879 723 sparget
894 627 934 700 in
951 651 1017 702 ora
1032 652 1149 703 rosas.
1190 635 1241 704 40

153 808 155 829 ,
196 739 265 829 Τιι,
284 766 428 840 pennas
446 744 610 839 gemmei,
631 743 781 837 gemmis
799 741 966 816 variante
984 743 1152 841 capillos,

153 910 155 918 ·
246 856 326 932 Ibis
345 858 382 931 in
400 860 540 932 auratis
557 879 692 931 aureus
711 855 793 953 ipse
812 857 914 930 rotis.

197 971 292 1045 Turn
305 997 459 1071 quoque
472 997 545 1046 non
560 995 701 1070 paucos
712 971 761 1067 (si
776 984 814 1046 te
825 972 922 1047 bene
933 974 1122 1070 novimus)
1133 1001 1237 1052 ures:
1260 1024 1263 1029 -
1279 1040 1283 1049 .

245 1087 343 1163 Tum
361 1112 515 1187 quoquc
533 1089 750 1187 praeteriens
767 1088 922 1162 vulnera
938 1090 1057 1163 multa
1073 1090 1194 1165 dabis

200 1202 285 1279 Non
301 1217 462 1304 possunt
478 1205 585 1302 (licet
601 1205 684 1304 ipse
701 1203 812 1297 velis)
830 1227 979 1278 cessare
997 1205 1156 1301 sagittae.
1191 1212 1240 1281 45

247 1318 406 1396 Fervida
420 1321 544 1395 vicino
561 1321 714 1394 flamma
729 1342 867 1418 vapore
884 1331 1008 1395 nocet.

199 1430 299 1509 Talis
316 1445 397 1510 erat
411 1437 557 1511 domitat
577 1435 752 1509 Bacchus
771 1433 986 1530 Gangetide
1002 1438 1116 1510 terrai.

244 1548 304 1625 'l'u
321 1554 444 1648 gravis
462 1553 634 1640 alitibus;
663 1550 821 1646 tigribus
840 1552 902 1626 ille
919 1552 1001 1627 fuit.

200 1661 310 1763 Ergo,
330 1691 402 1766 ego
418 1693 507 1743 cum
523 1666 665 1767 possim
683 1666 779 1740 sacri
797 1691 884 1765 pars
903 1692 988 1742 esse
1005 1668 1198 1767 triumphi,

246 1779 368 1858 Parce
385 1795 470 1859 tuas
489 1784 528 1856 in
545 1806 606 1856 me
623 1782 793 1881 perdere,
811 1784 941 1868 victor,
960 1807 1065 1882 opes
1192 1791 1242 1859 50

197 2012 256 2079 eju,
273 2014 349 2064 Error
366 2025 393 2065 et
412 2015 490 2064 Furor
504 2018 550 2065 &a
568 2024 594 2064 ut
610 2014 694 2064 Martis
744 2014 864 2065 lucianus
870 2016 896 2065 in
902 2016 1006 2065 Hercule
1013 2015 1109 2066 Gsllieo
1115 2015 1244 2067 subfinem.

200 2084 274 2135 Pssor
286 2096 312 2138 et
323 2088 403 2138 Metus
412 2089 459 2138 dre.
475 2089 535 2137 illud
552 2091 647 2146 militiis,
657 2104 692 2137 sc·
742 2100 880 2152 geinssorum
891 2099 996 2138 remonon
1008 2089 1089 2139 Amori
1099 2088 1141 2139 dat
1154 2090 1244 2140 Statius

198 2158 285 2223 qsitsr's
300 2162 346 2212 ori
362 2170 406 2219 est,
417 2177 464 2226 qno
471 2164 579 2210 militiast
595 2176 637 2227 pro
652 2177 694 2210 ex·
743 2162 810 2228 Sylv.
820 2163 864 2212 lib.
875 2162 893 2212 i.
905 2164 972 2229 Syls.
984 2164 1011 2212 ii.
1026 2166 1081 2214 146.
1098 2166 1147 2213 atas
1163 2175 1242 2214 autern

197 2230 273 2283 sidtu
289 2243 315 2285 et
331 2234 448 2286 militibus
464 2235 583 2285 dicebant.
600 2235 631 2284 de
648 2251 695 2300 quo
744 2254 825 2287 birreos
840 2237 955 2288 Moschus
973 2238 999 2287 in
1017 2236 1137 2287 Potmsns
1149 2239 1180 2287 de
1193 2239 1241 2287 He-

196 2301 265 2356 tllss.
298 2306 389 2359 Busrs.
745 2312 799 2362 lena
810 2323 835 2360 et
852 2311 946 2369 Paride,
957 2312 998 2360 ubi
1016 2311 1129 2360 describit
1143 2310 1242 2377 Cupidi-

229 2378 273 2429 30.
291 2381 433 2448 aaran]
461 2383 613 2433 incommoda
632 2394 695 2433 certe
745 2401 799 2435 nem
810 2385 841 2433 sd
852 2384 963 2434 Psridern
974 2384 1123 2433 venientem:

198 2464 252 2510 ros,
262 2468 316 2519 qun
333 2455 364 2505 de
378 2455 482 2523 premiis
492 2456 593 2505 rnilitum
608 2457 695 2523 passini
780 2462 816 2519 Βῆ
827 2457 846 2506 δ’
857 2457 898 2507 ἰπὶ
912 2454 1053 2523 χρυσειῇσιν
1068 2454 1243 2521 ἀποπτάμενος

197 2527 360 2586 somninaed
371 2531 426 2580 buic
441 2531 493 2580 loco
503 2529 599 2580 minime
610 2547 694 2580 conve·
809 2530 980 2596 πτερύγεσσιν.

197 2596 243 2649 nit.
260 2600 374 2653 Frsncins
383 2604 517 2669 conjecerat
524 2607 625 2669 agnitus,
633 2605 696 2669 quod
747 2605 778 2652 Et
787 2605 822 2653 ita
829 2604 998 2669 Aristophanes
1009 2603 1141 2652 inllvibus.
1158 2603 1244 2653 Noster

197 2671 299 2723 sim.
309 2675 449 2726 sddicerent
458 2677 535 2725 multo
543 2678 621 2742 aptius
627 2686 696 2726 caet.
746 2685 826 2727 autem
835 2677 952 2726 Remedio
960 2678 1042 2724 Amor.
1053 2677 1110 2724 701.
1116 2693 1244 2739 purpureas

197 2742 241 2795 ssd
262 2744 321 2797 lnrts
342 2748 435 2799 lronice
461 2748 651 2813 intelligendum,
671 2760 695 2799 ut
747 2751 791 2815 ipsi
808 2753 857 2798 ains
875 2749 927 2798 dat.
943 2757 1021 2815 posset
1036 2758 1061 2797 et
1078 2752 1167 2798 osrints
1185 2749 1242 2815 legi,

198 2820 283 2871 cunis
298 2821 426 2888 Cupidinis
441 2824 571 2872 militantes
581 2840 623 2889 pro
633 2840 695 2873 corn·
747 2839 793 2871 non
803 2822 912 2871 insolenti
923 2821 1061 2871 Grncisnto.
1093 2822 1185 2872 Hsuss.

198 2892 283 2953 mdis,
292 2910 394 2947 errorem
405 2907 430 2946 et
440 2898 540 2946 furorem
550 2912 696 2963 consequnn·
779 2898 819 2945 44.
837 2896 994 2959 Praeterieris]
1014 2895 1108 2945 Alludit
1117 2896 1148 2944 sd
1159 2899 1242 2961 prsrci·

198 2978 246 3017 tls.
278 2968 347 3021 idern
368 2970 483 3021 Frsncins
502 2971 657 3036 adscripscrat
672 2988 696 3019 e·
747 2985 819 3035 pnam
834 2969 932 3018 istorum
946 2968 1034 3018 ducum
1050 2969 1156 3033 gloriam,
1167 2970 1209 3034 qui
1220 2971 1245 3019 in

198 3040 258 3091 tim
277 3043 341 3093 rnsle
358 3042 419 3093 elios
438 3044 527 3110 legere,
547 3046 628 3092 mallos
643 3049 697 3093 eris.
747 3043 841 3109 agmine
858 3052 881 3091 et
897 3041 989 3099 itinere,
1000 3058 1047 3091 non
1064 3044 1179 3092 instructa
1193 3044 1245 3095 scie

197 3114 290 3167 Bessi.
747 3116 871 3166 debellent
889 3116 984 3165 hostes·
1001 3131 1050 3180 qus
1069 3114 1142 3165 lauda
1160 3131 1245 3168 ornare

178 3232 187 3249 ,
199 3189 273 3238 ·.41
290 3189 397 3255 Gms]
416 3193 584 3257 Fragmentum
594 3193 697 3258 Regium
748 3206 804 3240 suos
814 3191 913 3248 Heroas,
923 3189 1083 3254 Panegyricos
1092 3189 1245 3254 egregiises·

198 3262 410 3330 &Nupolitsnns
419 3266 495 3315 codes
512 3282 567 3315 euru
582 3269 699 3333 excerptis
748 3265 833 3329 emplrs
840 3264 921 3314 docuit
928 3263 1246 3329 ddrgentrsssmusBsrtbms

197 3336 325 3402 &adgeri
749 3337 933 3388 adelendis.
948 3338 1023 3387 Cous.
1040 3337 1130 3386 Honor.
1147 3355 1173 3387 s.
1191 3341 1247 3389 400.

233 3410 271 3459 ἢ
282 3428 371 3498 psrsrrss
383 3431 479 3479 gsrrrms
492 3431 580 3479 ςιιιιιιιιι
595 3416 699 3464 uariante
748 3412 902 3478 quibussdde
909 3412 990 3461 Sidon
997 3412 1069 3478 Apol.
1076 3412 1166 3478 Psneg.
1172 3414 1246 3464 Anu.

200 3554 281 3615 Quis
297 3574 376 3608 russo
392 3574 443 3610 esse
454 3560 593 3625 scripturam
610 3577 639 3609 ne
655 3561 696 3610 du·
784 3562 814 3610 rt
828 3567 895 3625 qu'os
911 3563 982 3610 solnm
999 3564 1091 3610 assinos
1104 3572 1152 3622 post
1170 3564 1247 3610 uculo

199 3628 258 3681 M·
274 3630 380 3682 Remed
390 3632 473 3683 Amor.
483 3634 525 3682 39.
814 3637 889 3684 malta

233 3702 349 3770 liessgo.
359 3711 428 3755 ιιιοιιιι
439 3708 509 3755 Assur
522 3716 687 3771 gemmatam
657 3724 699 3754 nn-
786 3711 916 3757 Pannonias
933 3710 1046 3756 rwocstit
1062 3710 1117 3759 im,
1128 3708 1182 3764 jam
1199 3721 1246 3752 cre-

266 3783 388 3837 malas,
814 3787 1001 3843 ‹impr-amptum
1011 3791 1042 3827 est

236 3852 268 3901 Bt
280 3855 346 3911 milri,
366 3856 509 3918 Propositum
524 3856 614 3917 perfice,
632 3858 698 3909 elisit,
784 3854 926 3919 Qnirlsncist
938 3855 1010 3901 bellis.
1044 3852 1132 3898 Burin.

200 3948 215 3963 ··
263 3944 329 3991 ml·
783 3931 824 3976 47.
844 3929 936 3975 Domita
947 3927 1075 3987 Gangetide
1086 3922 1172 3984 terro-J
1184 3923 1245 3970 Sub·

205 4000 251 4051 Uti
260 4018 359 4051 ssrssss
372 4010 442 4051 voest
460 4003 569 4057 Amorem,
585 4003 701 4066 quomodo
751 4014 805 4052 acta
816 4002 895 4051 India.
909 3998 951 4046 lib.
963 3999 995 4046 iv.
1013 3999 1114 4044 Metam.
1126 4005 1150 4044 et
1161 3996 1248 4045 libili.

204 4076 276 4127 stre
291 4077 489 4143 versuproximo.
503 4075 604 4140 itulpoc
614 4094 699 4141 χρυσιι-
753 4078 815 4125 Fan.
851 4075 920 4121 Cror.

204 4151 293 4213 χαίτας
301 4150 446 4201 Anacreonti
459 4148 546 4197 (lictus.
559 4167 605 4213 quo
617 4150 701 4197 alludit
