2896 4980
471 322 732 391 unnornus.
756 322 827 390 nr.
852 323 963 392 xix.
1177 328 1248 433 sor,

199 496 290 573 Non·
297 522 370 596 ego
381 509 460 573 tom
473 509 604 573 ventos
621 498 749 585 timeo,
764 520 849 572 mea
862 508 951 573 voto
966 510 1168 589 morantes,
1193 507 1241 577 95

244 614 383 703 Quam,
402 614 534 690 similis
550 624 663 688 vento
680 638 728 688 ne
745 625 834 687 tuus
852 624 951 689 erret
967 639 1092 692 amor:

199 730 257 809 Ne
274 756 350 807 non
368 731 440 805 sim
457 732 564 818 tanti,
583 741 840 831 superentque
858 732 1026 829 periculo
1042 758 1240 810 caussam:

245 845 298 923 Et
312 848 441 922 videar
457 871 602 923 merces
621 871 705 922 esse
723 848 852 920 labore
870 846 1002 921 minor.

197 961 392 1039 Interdum
408 974 548 1050 metuo,
567 962 690 1062 patrih
709 986 757 1035 ne
774 962 902 1049 laeder,
922 973 962 1037 et
978 964 1100 1063 impar

244 1078 375 1155 Ducar
391 1079 579 1180 Abydeno
596 1078 762 1154 Thressa
778 1080 906 1178 puella
920 1090 1016 1156 toro.
1175 1087 1245 1158 100

198 1194 309 1270 Ferre
325 1205 454 1270 temen
471 1219 625 1294 possum
644 1196 848 1294 patientius
866 1198 1010 1286 omnia3
1041 1222 1157 1298 quam
1176 1200 1208 1275 si

247 1308 348 1397 otia,
368 1311 495 1387 nescio
513 1313 592 1409 qut
612 1311 748 1409 pellice
765 1322 912 1410 coptus,
933 1339 1047 1412 agas:

199 1425 242 1501 ln
259 1435 326 1503 tuo
342 1427 374 1502 si
392 1426 546 1502 veniant
562 1427 675 1501 alieni
692 1428 789 1501 colla
805 1428 958 1504 lacerti:

248 1542 384 1643 Sitque
401 1569 520 1620 novus
538 1544 654 1618 nostri
672 1544 757 1617 finis
770 1546 908 1619 amoris
926 1571 1042 1621 amor.

231 1848 283 1897 100.
313 1849 387 1898 Dicor
407 1850 514 1914 Abydeno
535 1848 597 1897 Sssto
616 1849 696 1910 praello
746 1859 834 1906 essent,
846 1850 913 1899 locus
928 1858 965 1899 est
982 1848 1081 1917 insignis
1096 1850 1248 1916 npud'l’h&

197 1922 266 1987 siro]
294 1922 440 1981 Putesneus,
469 1922 571 1973 Thressa.
596 1922 694 1988 optime.
745 1920 1014 1987 phrnstnmchsmetere
1027 1926 1248 1991 ssplsnmltoyinc.

197 1995 307 2047 Diximus
323 2013 402 2062 supra.
435 1997 505 2047 Certe
519 1996 625 2045 Tusce
643 1996 696 2045 des-
746 1997 1093 2065 ubiproinsigniccntumelis
1108 2000 1247 2049 nctsthanc

197 2080 316 2137 pectomt
326 2087 356 2121 ex
363 2073 500 2122 Grecorum
506 2080 572 2137 potet
578 2086 696 2119 commen-
747 2072 987 2139 exprobrationem,vl
1001 2075 1047 2139 μὲν
1062 2076 1101 2124 roi
1110 2073 1195 2139 μήτηρ
1210 2076 1249 2124 εὑ·

196 2142 269 2195 tuiis.
300 2144 383 2212 Atque
399 2146 433 2195 its
446 2144 600 2195 Themistocli
617 2144 696 2208 objec-
747 2148 824 2210 γενής
837 2145 1010 2212 optnatort.
1026 2150 1072 2208 τὰς
1087 2146 1113 2197 δὲ
1132 2148 1249 2208 τοιαύτας

197 2226 247 2271 tut
262 2220 327 2285 quod
343 2220 468 2269 elbresse
486 2229 614 2285 prognatus
627 2228 697 2268 esset.
747 2219 775 2271 ἰν
790 2224 823 2287 τῇ
840 2220 938 2287 πατρίδι
955 2220 1062 2287 εὐγενεῖς
1081 2223 1145 2273 εἶναι
1163 2224 1248 2288 φασίν.

197 2294 310 2361 ntliqnct
324 2294 464 2344 exAEmilic
479 2294 564 2343 Probo.
596 2292 695 2342 Anuu-
747 2294 850 2344 Ancillae
869 2311 973 2360 namque
990 2312 1018 2344 ac
1035 2296 1169 2346 tonstrices
1185 2298 1248 2363 apud

196 2370 244 2419 teni
258 2368 332 2421 etiem
351 2368 503 2435 Philosopho,
522 2378 549 2417 ut
564 2367 646 2417 videre
661 2377 698 2417 est
747 2369 907 2420 Athenienses
928 2386 1038 2436 mpgnem
1066 2381 1157 2436 partem
1179 2371 1250 2420 domo

197 2443 260 2511 spud
267 2443 404 2509 Diogenem
411 2444 532 2493 laertium
543 2445 567 2492 in
577 2443 629 2508 ejus
640 2442 696 2500 vita,
746 2442 852 2494 Thressa
869 2455 946 2493 erant.
963 2444 1005 2493 sed
1016 2445 1110 2494 videtur
1126 2444 1175 2493 illic
1192 2445 1248 2493 scri-

194 2516 315 2569 minuto
330 2517 441 2567 Socratis.
473 2515 589 2566 Timothei
601 2533 697 2582 quoque
747 2518 851 2568 bendum
867 2535 927 2576 esse,
943 2520 972 2569 lv
984 2517 1086 2575 Ἀτθίδι,
1102 2534 1154 2583 pro,
1174 2517 1202 2567 lo
1218 2521 1250 2583 τῇ

195 2591 263 2643 ducis
281 2591 430 2643 celeberrimi
453 2602 554 2642 matrem
572 2591 697 2641 Thressam
748 2590 858 2655 scorpitis.
875 2609 931 2642 nstn
940 2592 1045 2642 Threces
1060 2601 1087 2641 ut
1098 2591 1249 2640 Grecisom·

195 2666 276 2726 trtius,
294 2677 319 2717 et
340 2667 437 2732 quidem
456 2666 610 2723 meretricem,
631 2675 698 2717 notat
748 2666 818 2716 nibus
825 2667 939 2733 despecti,
948 2667 982 2715 ito
990 2665 1176 2714 Atheniensibus
1183 2681 1249 2715 mnx-

195 2740 328 2793 Atltsnstus
342 2742 385 2790 lib.
396 2741 430 2790 iii.
448 2756 476 2790 ac
491 2750 615 2806 propterea
630 2740 697 2789 illurn
747 2737 805 2788 ime.
838 2740 945 2789 llerodes
955 2740 1050 2789 Atticus
1066 2738 1130 2806 apud
1144 2740 1177 2787 Α.
1191 2739 1249 2789 Gel-

196 2814 381 2869 Μιείπὶωω.
413 2816 524 2866 citantur
540 2815 698 2864 nbAthenreo
748 2814 807 2864 lium
819 2815 979 2864 Nocthttic.
996 2815 1057 2865 libro
1071 2815 1120 2864 six.
1137 2830 1190 2880 csp.
1210 2816 1248 2864 12.

192 2880 604 2957 ¹intlleipncsophisticis,etrtbullis
612 2888 697 2938 Gram-
751 2888 786 2937 Ne
805 2891 831 2937 id
851 2892 949 2946 occidat,
966 2893 1024 2953 qrtod
1042 2891 1143 2951 cuipiam
1163 2887 1250 2938 Thraco

196 2964 289 3015 mucis
299 2964 408 3032 θράτται
417 2964 544 3015 Conroedis
554 2963 655 3019 Cratini,
673 2962 699 3011 in
748 2966 865 3025 insipienti
875 2974 898 3012 ct
908 2965 963 3011 nidi
970 2964 1196 3028 cenboeesusohslc
1205 2974 1247 3012 est.

196 3053 245 3104 qu
253 3038 368 3089 'lbressas
378 3037 488 3087 loeminss
506 3038 577 3087 luisse
592 3036 698 3101 exagita—
750 3037 822 3085 Homo
834 3037 943 3093 Thracus,
960 3040 1042 3101 inquit,
1057 3055 1084 3086 ec
1099 3040 1182 3086 ultimo
1198 3040 1250 3087 hcr-

196 3112 335 3165 umnam
349 3112 516 3161 mihidubium
532 3112 567 3159 fit.
599 3109 699 3159 Hincct
749 3114 822 3169 turici,
845 3115 908 3161 ruris
926 3115 1013 3161 cruenti
1033 3115 1205 3168 insolescerem
1225 3117 1250 3162 iu

196 3186 261 3255 md
271 3186 395 3237 valerium
405 3185 517 3234 Flaccum
528 3184 587 3233 libro
596 3184 632 3232 iii.
642 3185 698 3232 706.
749 3195 822 3234 tsrros
837 3187 944 3235 cultiores
962 3187 1102 3236 bummrioris
1120 3189 1170 3235 cite
1186 3191 1251 3251 rupi·

196 3260 281 3322 hbes
296 3270 322 3311 et
338 3260 432 3317 Calais,
452 3260 551 3307 Thracio
568 3261 641 3321 proles
657 3275 699 3324 per
748 3263 802 3308 dinc
827 3264 998 3326 commigrasset,
1011 3261 1119 3326 fundum
1139 3273 1252 3312 msrcctus

197 3344 358 3402 ontemptum
369 3335 494 3384 sbJasone
506 3342 627 3388 vocentur,
634 3334 697 3398 quod
748 3345 780 3383 est
789 3337 836 3383 oleo
846 3339 1139 3399 otposcinosomtitutum.
1157 3353 1200 3401 pro
1208 3338 1250 3385 Di-

197 3408 374 3461 ernostum
383 3417 476 3458 essent:
749 3427 790 3458 cor
816 3418 928 3475 excerpta
951 3411 1039 3467 vossii,
1069 3412 1160 3460 Decor.
1188 3413 1251 3477 quod

229 3482 301 3534 Nunc
316 3483 492 3539 Porthaonides,
505 3501 567 3532 nnnc
583 3486 630 3531 ‹lnr
644 3485 699 3531 stili
748 3483 821 3533 eticnr
833 3483 929 3533 arridet.
946 3484 977 3533 de
992 3501 1021 3534 eo
1032 3485 1102 3551 plura
1112 3485 1136 3535 in
1148 3486 1210 3535 notis
1226 3487 1250 3533 in

262 3556 362 3607 thora
370 3558 459 3620 proles:
750 3558 962 3623 Metamorphoses.
981 3559 1112 3609 llnrssrns.
1138 3560 1252 3615 Thressas

229 3632 385 3696 dopmnm
393 3634 572 3695 pavidoscontrn
581 3635 629 3679 ruit
638 3651 699 3695 αμα
749 3632 874 3698 despectos
889 3633 959 3681 tuisse
975 3633 1045 3683 docet
1064 3635 1134 3689 Petit.
1147 3633 1251 3681 llliscell.

235 3720 238 3725 ‘
262 3708 343 3757 lmes.
750 3707 795 3755 lib.
815 3707 841 3755 ii.
858 3724 911 3772 cap.
929 3709 953 3754 4.
974 3707 1021 3756 imo
1040 3709 1103 3773 ipsos
1123 3706 1253 3770 Abydenus

197 3778 370 3831 lhrscuenim
382 3779 538 3847 prcbcrbnris
549 3778 631 3834 habiti,
644 3796 700 3843 quo·
751 3782 897 3846 contemptui
915 3781 1008 3830 habitos
1025 3782 1110 3829 docent
1129 3778 1252 3843 proverbio

197 3852 268 3905 node
293 3865 317 3907 et
343 3855 450 3921 Scythes.
484 3855 519 3904 sic
545 3854 701 3904 Demostheni
752 3854 777 3902 in
787 3855 840 3904 illos
848 3857 949 3920 jactato.
968 3856 1017 3903 vid.
1030 3854 1154 3919 proverbia
1166 3854 1253 3902 Graeca

199 3926 271 3979 etism
300 3938 397 3980 nonant
424 3931 593 3996 exprobratum
621 3929 701 3988 luisse,
751 3929 890 4009 Schctti3p.
905 3933 926 3977 l.
944 3947 967 3994 p.
978 3931 1036 3977 294.
1047 3937 1071 3976 et
1082 3929 1177 3976 sanet
1189 3928 1253 3975 Pan·

198 4004 262 4069 qud
284 4014 360 4056 matre
378 4005 468 4071 Scytha
485 4013 614 4071 prognatus
632 4015 701 4054 esset.
753 4003 796 4054 tini
816 4013 883 4054 nctus
902 4005 926 4052 in
945 4001 1093 4067 Apostolium
1115 4018 1171 4066 pag.
1194 4003 1252 4049 248.

199 4078 238 4129 De
253 4074 294 4139 ἰὴ,
313 4080 356 4147 qui
377 4080 480 4129 Thressa
500 4088 574 4128 matre
596 4082 702 4145 prognati
753 4080 843 4128 Burtu.

816 4163 857 4207 st
