2904 4994
397 332 626 399 AMORUMs
659 330 750 397 LIB.
775 332 824 397 11.
847 334 899 397 16.
1112 331 1188 405 lilii]

469 607 699 683 nanum
735 571 845 681 xvi.

138 757 233 832 Pars
251 783 312 832 me
332 759 463 832 Sulmo
479 770 585 833 tenet
602 758 750 856 Peligni
768 757 880 832 tertia
895 758 1008 846 ruris3

190 874 324 961 Parva,
344 876 411 949 sed
429 875 577 971 irriguis
594 897 660 948 ora
676 874 837 947 salubris
855 875 978 971 aquis.

140 988 207 1062 Sol
224 990 313 1066 licet
330 991 482 1065 admoto
499 990 670 1063 tellurem
689 990 811 1063 sidere
829 989 959 1075 findat,

190 1105 241 1179 Et
258 1107 372 1181 micet
389 1105 499 1179 Icarii
519 1105 629 1179 stella
645 1116 818 1203 proterva
836 1105 957 1192 canis;

139 1221 240 1294 Arva
256 1233 495 1319 pererrantur
512 1221 672 1318 Peligna
688 1221 919 1319 liquentibus
937 1220 1066 1296 undis:
1162 1228 1185 1296 5

191 1335 242 1408 Et
258 1337 352 1411 viret
368 1337 406 1409 in
423 1348 552 1411 tenero
570 1335 701 1410 fertilis
719 1337 837 1411 herba
854 1339 946 1412 solo.

138 1450 255 1525 Terra
271 1451 376 1525 ferax
395 1451 557 1539 Cereris,
576 1453 771 1550 multoque
788 1451 945 1526 feracior
961 1474 1062 1530 uvae:

193 1567 270 1640 Dat
283 1591 436 1665 quoque
454 1567 678 1641 baccileram
697 1565 855 1640 Pallada
869 1591 974 1642 rarus
993 1593 1100 1667 ager:

139 1681 291 1780 Perque
309 1694 546 1780 resurgentes
564 1685 650 1757 rivis
668 1685 882 1759 labentibus
901 1686 1036 1761 herbas

191 1798 414 1872 Gramineus
432 1800 620 1873 madidam
638 1824 772 1899 cespes
790 1803 990 1877 obumbrat
1003 1805 1170 1878 humum.

139 1910 190 1986 At
206 1936 313 1987 meus
331 1915 428 2011 ignis
446 1916 566 1990 abest.
594 1917 709 1990 verbo
726 1918 964 2016 peccavimus
983 1942 1076 2009 uno;
1141 1924 1179 1993 ll

188 2028 283 2113 Quae
301 2042 425 2104 movet
443 2033 605 2118 ardores,
626 2043 685 2106 est
702 2034 849 2130 procul;
879 2033 976 2131 ignis
999 2036 1119 2109 adest.

143 2141 228 2217 Non
247 2169 330 2242 ego,
351 2146 382 2218 si
400 2147 546 2221 medius
565 2146 722 2221 Polluce
741 2159 779 2222 et
798 2148 956 2224 Castore
973 2173 1102 2249 ponar,

191 2258 236 2333 ln
254 2262 338 2335 coeli
356 2263 491 2337 sinete
509 2273 616 2361 parte
633 2264 749 2337 luisse
767 2264 890 2338 velim.

142 2373 300 2450 Solliciti
313 2379 479 2474 jaceant,
499 2381 676 2476 terraique
693 2393 910 2479 premantur
928 2381 1068 2478 iniqua,
1143 2386 1187 2455 15

191 2490 236 2563 In
253 2493 384 2590 longas
401 2496 530 2570 orbem
550 2497 615 2593 qui
633 2520 787 2575 secuere
805 2496 896 2570 vias.

173 2751 196 2799 1.
208 2750 248 2800 Me
256 2769 310 2815 pers
320 2753 397 2802 Sulmo
411 2764 471 2803 tener
482 2755 576 2819 Peligni
592 2764 638 2803 ter·
689 2753 758 2803 Unus
785 2754 926 2810 Vaticanus,
951 2756 1032 2819 grajus
1055 2770 1121 2818 ager.
1141 2753 1190 2805 dno

138 2826 267 2890 sisium]
297 2827 346 2876 Cur
357 2828 395 2876 hie
406 2829 493 2878 Noster
502 2829 638 2877 Sulmonem
687 2843 780 2888 parvus.
796 2831 863 2876 uuus
873 2837 910 2877 cst
927 2828 952 2875 in
973 2827 1127 2877 Scriverisno.
1146 2829 1189 2878 sed

136 2897 231 2948 tertism
246 2899 338 2965 Peligni
356 2900 416 2950 ruris
434 2910 525 2968 partem
543 2901 638 2958 dixerit,
689 2901 906 2967 remegersp'uso
921 2902 1049 2967 densoque,
1065 2918 1137 2967 quem
1151 2903 1189 2952 di·

136 2971 237 3025 diuersi
258 2973 283 3023 in
309 2975 409 3024 Scholiis
430 2975 454 3023 in
481 2975 523 3024 lib.
544 2974 576 3023 iv.
600 2976 638 3024 De
688 2983 755 3032 cunt,
767 2974 854 3041 opponi
870 2983 958 3040 potest,
970 2984 1042 3041 etque
1058 2975 1079 3024 is
1095 2976 1152 3034 vini,
1163 2987 1190 3027 nt

138 3046 222 3105 Ponto,
242 3065 255 3097 n
270 3065 318 3113 quo
333 3049 394 3097 loon.
411 3066 465 3115 quo
483 3049 522 3099 hic
538 3049 640 3099 dicenda
688 3046 823 3111 plurimum,
835 3049 1002 3099 serenissimus.
1035 3050 1126 3100 linus.

135 3130 223 3178 ment,
234 3130 323 3186 repete.
343 3123 413 3171 Cror.
720 3123 745 3170 9.
761 3121 936 3187 Reusrgentss]
968 3122 1120 3187 Resurgsstss
1136 3123 1190 3175 her·

170 3196 195 3243 4.
203 3195 543 3259 lmrttrrettsproureaesuis.]
551 3196 638 3245 “Non-
688 3193 732 3242 bns
742 3193 859 3259 intelligo,
873 3203 928 3244 ente
941 3203 1018 3245 sectas
1028 3203 1053 3244 et
1063 3195 1190 3258 demessas,

137 3267 210 3318 nullis
220 3268 284 3317 hunc
295 3283 380 3318 canem
395 3269 490 3320 Orionis
505 3285 557 3319 esse
571 3269 639 3319 dixe·
689 3267 853 3333 iterumque
863 3268 932 3333 copis
942 3268 1103 3326 incundsnte,
1115 3287 1190 3322 resur·

137 3352 193 3392 runt
200 3361 207 3402 ;
224 3350 257 3397 et,
270 3341 334 3407 qnod
345 3342 461 3392 studiosus
472 3343 574 3392 venandi
588 3345 638 3393 lue·
688 3351 771 3406 gentes
780 3353 805 3391 et
815 3352 964 3404 crescentes;
981 3356 1008 3392 nt
1018 3343 1053 3393 its
1066 3346 1136 3396 urbes
1145 3363 1188 3396 es·

137 3417 176 3474 rit,
185 3432 239 3465 cnm
250 3433 280 3465 eo
294 3433 372 3465 canem
389 3432 482 3481 quoque
498 3417 560 3466 inter
575 3426 640 3467 astra
689 3416 743 3465 eise
750 3418 961 3482 resurgerspessim
968 3415 1089 3467 dicuntur.
1101 3420 1191 3471 Burs.

137 3491 288 3541 nitentum.
321 3490 371 3539 Alii
393 3500 473 3540 autem
500 3491 580 3549 Icarii,
608 3493 638 3542 de
723 3492 761 3540 12.
780 3493 855 3539 Ardor
876 3491 960 3555 udat]
988 3491 1014 3540 Si
1034 3491 1069 3540 ita
1087 3494 1190 3560 scripsit,

138 3582 187 3631 qno
196 3575 251 3616 ante
263 3565 380 3615 diximus:
398 3583 452 3632 quse
464 3566 540 3616 mults
555 3583 638 3634 propo·
689 3563 782 3615 duobus
790 3566 867 3614 verbis
874 3566 991 3632 peccavit,
1000 3582 1047 3615 non
1053 3583 1101 3615 uno
1107 3567 1191 3618 Poeta.

136 3639 183 3689 sits
204 3656 258 3688 suos
278 3639 367 3689 hebent
384 3641 517 3691 summust
545 3642 637 3706 llygin.
689 3655 761 3705 quere
771 3650 937 3705 cumquotuor
953 3640 1047 3705 scriptis
1060 3649 1085 3689 et
1099 3641 1191 3691 Duum

138 3712 331 3762 Psstmtrouom.
342 3714 638 3764 xxxvae-l'ocaturautem
688 3714 769 3764 codice
779 3730 875 3779 repone,
886 3717 947 3780 ignis
963 3717 1034 3762 adest
1044 3715 1154 3778 peccarit
1164 3715 1189 3764 irr

137 3787 221 3845 Sirius,
242 3790 271 3851 (s
290 3788 360 3854 oripo
375 3789 474 3851 dorisco)
493 3806 547 3854 quse
568 3792 638 3838 miem
688 3789 759 3837 verbo
786 3790 853 3844 ebat,
880 3804 935 3836 cum
961 3786 1082 3835 debuisset
1110 3786 1190 3837 dicere

137 3860 256 3927 precipue
267 3861 337 3911 stelle
346 3860 375 3910 in'
381 3861 457 3912 fronte
465 3866 537 3911 canu.
548 3863 637 3912 Asse.
687 3866 758 3912 adest.
768 3865 826 3926 qnod
836 3872 907 3911 mouet
923 3861 995 3910 etism
1012 3861 1190 3911 Vaticanum

170 3935 196 3983 8.
210 3935 375 4001 Βαηααςσ]
397 3937 638 4003 GramroptimePu·
687 3937 777 3987 dictum
802 3944 873 3991 esset,
899 3934 1098 3999 quemadmodum
1130 3939 1190 3997 quos

136 4009 375 4059 tumultuantis
385 4019 466 4059 notum
476 4009 546 4067 illud,
559 4011 601 4060 lib.
612 4030 637 4060 x.
688 4007 889 4059 mersimus.
906 4007 961 4057 ride
979 4006 1010 4054 sd
1026 4005 1104 4071 Epist.
1120 4007 1188 4056 xviii.

69 4118 73 4124 .
136 4081 179 4130 47.
692 4085 746 4133 15³.
780 4084 868 4131 Bnnsr.

171 4155 221 4203 Non
232 4158 338 4219 ingratus
348 4135 611 4220 agmfocnspsrenuis.
