2896 4980
195 321 261 387 246
490 316 530 383 Ρ.
553 313 715 383 OVIDII
739 313 952 381 NASONIS

202 492 317 566 Unda
333 514 563 591 repercussae
581 489 753 565 radiabat
769 488 933 587 imagine
950 488 1079 580 Lunae,

251 608 303 682 Et
320 608 417 682 nitor
433 607 471 681 in
488 606 605 681 tacita
623 615 734 680 nocte
750 604 905 678 diurnus
923 616 1027 681 erat:

203 724 393 821 Nullaque
409 747 483 798 vox
507 733 666 808 nostras,
685 721 830 795 nullum
847 722 1035 809 veniebat,
1053 722 1103 797 ad
1120 746 1230 809 aures,

249 840 391 914 Praeter
406 840 560 915 dimotae
578 861 746 936 corpore,
766 861 945 925 murmur,
964 862 1087 935 aquae.
1191 844 1232 913 80

200 956 389 1055 Alcyones
408 958 509 1043 solae,
529 977 713 1029 memores
733 952 872 1052 C‘eycis
891 954 1019 1042 amati,

251 1072 390 1147 Nescio
405 1071 497 1170 quid
514 1071 604 1145 visae
623 1081 712 1144 sunt
727 1071 819 1143 mihi
836 1071 948 1146 dulce
966 1072 1087 1169 queri.

199 1187 362 1286 Jamque
379 1188 544 1286 fatigatis
561 1187 717 1262 humero
735 1189 807 1261 sub
825 1198 986 1286 utroque
1003 1188 1166 1277 lacertis,

251 1305 411 1379 Fortiter
428 1304 466 1379 in
484 1328 652 1378 summas
670 1306 793 1402 erigor
810 1306 908 1380 altus
927 1330 1059 1403 aquas.

201 1420 255 1494 Ut
272 1423 402 1520 procul
420 1421 578 1520 adspexi
596 1423 736 1510 lumen,
756 1421 869 1497 Meus
890 1423 987 1521 ignis
1005 1423 1045 1497 in
1062 1424 1128 1499 illo
1144 1433 1217 1513 est;

250 1537 321 1611 Illa
337 1562 475 1625 meum,
494 1538 587 1626 dixi,
607 1538 717 1613 litora
732 1564 871 1614 numen
889 1541 1079 1643 habeuts
1193 1542 1233 1615 86

200 1651 252 1727 Et
268 1653 392 1726 subito
410 1654 519 1727 lassis
535 1654 633 1728 vires
652 1655 795 1730 rediere
811 1656 985 1730 lacertis:

248 1767 428 1866 Visaque,
447 1794 562 1867 quam
578 1768 712 1858 fuerat,
731 1771 877 1845 mollior
894 1771 997 1845 unda
1012 1770 1118 1845 mihi.

200 1883 355 1981 Frigora
370 1909 417 1958 ne
435 1885 575 1984 possim
594 1886 706 1982 gelidi
726 1888 863 1962 sentire
881 1887 1069 1987 profundi,

250 1998 325 2083 Qui
342 2000 441 2073 calet
458 2000 496 2071 in
513 2001 650 2099 cupido
669 2016 834 2102 pectore,
854 2014 1009 2103 praestat
1026 2027 1142 2078 amor.
1192 2006 1235 2079 90

200 2113 285 2198 Quo
303 2115 422 2211 magis
441 2115 593 2201 accedo,
613 2119 863 2216 propioraque
880 2118 990 2194 litora
1005 2116 1113 2205 liunt,

250 2229 412 2328 Quoque
430 2232 554 2304 minus
573 2244 710 2323 restat3
740 2236 825 2334 plus
843 2234 936 2309 libet
953 2235 1007 2309 ire
1024 2235 1130 2309 mihi.

200 2347 299 2421 Cum
317 2372 404 2422 vero
422 2373 578 2447 possum
597 2351 700 2425 cerni
718 2374 871 2449 quoque
886 2378 895 2440 3
925 2351 1095 2450 protinus
1112 2349 1215 2427 addis

251 2465 469 2563 Spectatrix
487 2467 644 2554 animos
664 2478 707 2541 ut
723 2468 946 2564 valeamque
963 2465 1069 2541 facis.

200 2581 311 2657 Nunc
331 2583 444 2657 etiam
463 2587 587 2660 nando
606 2586 767 2660 dominae
786 2584 974 2683 placuisse
993 2584 1135 2670 laboro,
1194 2584 1237 2657 95

248 2698 377 2796 Atque
395 2700 514 2775 oculis
527 2704 632 2799 jacto
650 2700 805 2774 brachia
823 2709 952 2773 nostra
969 2698 1057 2773 tuis.

230 2885 271 2932 82.
282 2884 358 2932 Dulce
367 2885 453 2948 quem]
466 2885 695 2951 ConjiciebatFran·
776 2886 816 2934 95.
835 2884 899 2932 Tunc
917 2883 1006 2947 etiam]
1027 2882 1099 2933 Nunc
1113 2885 1183 2932 aion
1195 2880 1239 2931 Pn-

198 2956 258 3014 cius,
271 2960 419 3021 tristequeri:
437 2959 470 3008 nil
480 2975 549 3024 opus.
561 2959 609 3007 vid.
620 2960 695 3025 Epist.
746 2968 851 3007 teanens.
876 2959 1007 3006 Heinsius.
1040 2957 1080 3006 lla
1097 2966 1123 3007 et
1140 2957 1188 3008 dno
1202 2955 1239 3005 alii

198 3047 237 3079 xv.
250 3033 304 3081 152.
323 3032 398 3080 Dulce
409 3035 469 3096 loqui
478 3032 584 3083 nonnulli
595 3033 696 3084 codices.
746 3031 847 3080 codices.
858 3030 907 3080 vid.
918 3031 996 3098 Epist.
1005 3030 1047 3082 xii.
1055 3033 1096 3081 53.
1105 3033 1174 3083 etita
1181 3045 1238 3099 apt

231 3107 271 3153 84.
298 3106 421 3170 Fortium]
450 3108 506 3155 Duo
527 3106 581 3155 libri
599 3107 696 3172 fortior.
746 3106 946 3171 peccatumque
963 3106 1122 3163 librariincn
1137 3114 1240 3173 nqnenl

199 3178 247 3226 vid.
266 3179 341 3245 Epist.
361 3179 410 3228 xvi.
430 3181 487 3229 267.
502 3180 545 3229 sed
562 3180 620 3245 quia
635 3184 697 3230 altus
747 3178 835 3234 Poetae,
846 3187 940 3244 tempus
951 3179 1107 3244 preteritum,
1122 3181 1168 3231 niti
1182 3196 1238 3247 pn·

199 3252 533 3316 sequitur,uihilmutandum
543 3265 586 3304 est.
746 3268 801 3301 sens
819 3253 906 3318 fingere
926 3263 1062 3320 potuerunt.
1087 3254 1122 3305 sic
1143 3252 1239 3306 Rasa

231 3325 271 3373 86.
295 3325 384 3374 Lumen
405 3327 508 3390 habena]
539 3328 652 3377 lllelioms
673 3339 697 3378 et
747 3327 828 3377 Amor.
840 3329 895 3378 605.

198 3398 303 3463 plurimi,
319 3417 402 3447 aarum
408 3418 417 3457 ,·
435 3417 464 3449 ne
482 3401 520 3451 bis
536 3402 600 3450 idem
618 3402 695 3451 dicat:
779 3401 878 3457 Sillani,
890 3419 953 3451 nnuc
968 3413 1029 3452 cnm
1044 3405 1126 3453 sellem
1138 3420 1184 3453 m
1196 3402 1239 3453 nl·

198 3474 259 3537 ignis
268 3471 331 3523 cuim
342 3473 469 3537 praemit.
480 3485 504 3523 et
515 3491 530 3523 a
540 3476 635 3524 numine
646 3493 696 3526 rec·
804 3476 898 3539 situas.
1125 3477 1211 3527 Butae.

199 3545 246 3594 tius
255 3545 317 3594 vires
327 3544 424 3595 rediisse
435 3545 554 3596 dicuntur.
565 3557 589 3595 et
598 3548 632 3596 ita
643 3549 696 3597 dum
781 3548 865 3597 ll'nndo
890 3552 984 3599 doaniuae
1008 3552 1121 3613 placuisse
1147 3548 1237 3613 lehn]

199 3620 314 3671 editiones
324 3637 418 3686 quoque
429 3622 538 3672 Veneta.
572 3624 660 3672 Banu.
747 3623 801 3678 Quo
813 3623 905 3687 longius
919 3623 943 3670 in
955 3623 1099 3673 recensandn
1113 3621 1237 3689 anaplu-

231 3697 271 3744 89.
289 3694 388 3760 Frigora
396 3712 426 3743 ne
440 3698 518 3756 possim
532 3697 604 3761 gelidi
615 3701 697 3747 sentire
747 3697 795 3744 tola
805 3698 914 3762 procedo,
924 3714 953 3748 eo
963 3698 1039 3762 magis
1051 3696 1151 3747 Bauio
1159 3696 1238 3747 ndn-

196 3770 317 3834 prosnndi,
333 3768 390 3831 dte]
410 3767 449 3817 Sic
466 3785 561 3834 quoque
579 3769 695 3827 leander,
748 3770 799 3827 lior,
811 3772 852 3836 qui
862 3772 928 3821 illam
939 3771 978 3820 vix
987 3772 1049 3821 ausit
1059 3771 1148 3822 ovidio
1156 3768 1238 3821 adani-

198 3843 263 3907 npud
272 3844 400 3897 alneum,
412 3844 473 3892 245:
746 3845 812 3894 bere.
846 3846 961 3903 Quamvis
972 3845 1196 3896 animatorum
1206 3841 1237 3891 ri·

231 3916 405 3980 ΛεινὸςἜρως,
413 3919 454 3966 καὶ
464 3917 557 3976 πόντος
564 3917 696 3983 ἀμειλιχος·
745 3918 804 3967 tium
815 3919 913 3984 effugiat
920 3918 1061 3969 luxuriantis
1071 3916 1236 3985 supnmodn

262 3991 330 4040 ἀλλὰ
338 3989 465 4052 θαλάσσης
745 3991 842 4057 ingenii,
854 4009 982 4058 numquam
994 4001 1075 4042 lamen
1091 4008 1120 4043 eo
1134 3990 1198 4041 venit
1210 3988 1237 4039 li·

230 4064 314 4115 'Eoriv
325 4063 396 4129 ὕδωρ,
408 4068 436 4113 τὸ
447 4065 466 4114 δ’
474 4065 580 4133 Ἔρωτος
590 4067 629 4131 ἐμὲ
640 4066 693 4130 φλέ-
744 4066 838 4123 centia,
856 4075 882 4115 ut
901 4067 1000 4115 totidem
1022 4064 1122 4117 saman
1136 4074 1161 4115 el
1174 4060 1235 4115 ld'·

262 4138 513 4204 γειένδόμυχονπῦρ.
574 4143 661 4189 ‚luia
745 4142 807 4189 modi
828 4141 992 4191 cavillationes
1012 4140 1038 4191 in
1058 4157 1085 4192 re
1102 4136 1199 4193 dmi
1213 4144 1236 4187 ί
