2896 4980
512 373 772 443 HEROIDES.
793 376 865 443 ΕΡ.
887 377 991 445 v111.
1207 381 1271 449 103

232 544 337 623 Flere
355 549 444 623 licet
462 559 585 624 certe:
614 551 739 625 flendo
756 550 997 626 diffundimus
1015 554 1108 628 iram
1120 576 1139 629 τ·

278 664 569 763 Perquesinum
592 667 766 754 lacrimae,
784 667 1095 757 fluminisinstar,
1113 679 1216 745 eunt.

229 778 308 854 Has
326 781 426 855 solas
443 782 564 855 habeo
582 806 742 881 semper,
762 807 986 882 semperque
1003 785 1207 883 profundo:
1246 782 1249 787 ’

248 898 251 905 ’
276 895 445 971 Hument
461 898 611 971 incultae
630 898 730 973 sonte
749 925 912 997 perenne
930 926 1048 998 genae.

226 1011 309 1087 Hoc
327 1014 475 1111 generis
493 1014 581 1100 sato,
601 1016 703 1111 quod
721 1030 866 1091 nostros
885 1029 983 1092 errat
999 1020 1036 1090 in
1055 1042 1183 1106 annos,
1215 1025 1264 1095 65

272 1127 489 1204 Tantalides
508 1142 645 1203 matres
663 1143 752 1229 apta
768 1133 898 1230 rapina
916 1157 1057 1206 sumus.

226 1243 311 1318 Non
327 1270 399 1343 ego
417 1246 583 1319 fluminei
602 1245 761 1361 reseram
775 1249 1123 1361 mendaciprcygni:

273 1361 356 1436 Nec
374 1386 510 1459 querar
527 1363 564 1435 in
582 1363 720 1461 plumis
738 1336 933 1438 dllitiilss‘i
949 1336 1094 1438 l'ovem.

222 1475 311 1562 Qua·
322 1477 398 1551 duo
415 1490 609 1576 porrectus
628 1479 737 1575 longe
756 1479 852 1554 freta
868 1481 1022 1553 distinet
1040 1480 1216 1568 Isthmos,

268 1593 390 1668 Vecta
405 1596 611 1693 peregrinis
631 1594 886 1694 Hippodamia
902 1596 1004 1669 rotis.
1178 1590 1181 1596 ’
1212 1603 1260 1672 70

250 1826 291 1875 61.
309 1826 559 1892 Diffundimusiram]
582 1827 650 1875 Flere
660 1829 713 1876 lieet
738 1827 925 1877 .ostendemnt.
953 1825 1008 1875 vide
1034 1826 1139 1876 Gronov.
1167 1827 1198 1876 ed
1224 1829 1257 1878 A.

216 1909 284 1949 certe.
317 1900 404 1948 Flendo
421 1899 573 1965 diffundimus
594 1903 661 1948 iram.
677 1901 711 1950 sic
762 1901 928 1951 Gell.xiv.2.
962 1901 1052 1949 Bonis.

214 1971 362 2038 distinmm
386 1973 503 2022 mehores.
524 1983 549 2022 et
574 1977 649 2022 sirium
672 1991 710 2023 se-
786 1977 827 2025 66.
841 1975 972 2023 Tantalides
980 1976 1073 2039 ennaea]
1086 1976 1174 2024 Matres
1183 1976 1256 2042 serip-

216 2048 297 2112 quenti
316 2064 386 2098 versu
410 2047 482 2096 iidem
504 2058 643 2112 agnoscunt.
665 2050 709 2099 nisi
760 2048 788 2097 ti.
806 2050 851 2097 boc
872 2057 908 2097 est
927 2056 1040 2097 matronae
1059 2049 1098 2098 vel
1115 2058 1204 2115 nupta.
1222 2051 1256 2100 sic

216 2120 283 2170 malis
285 2123 347 2187 βω
358 2125 420 2171 libet.
453 2122 526 2171 Trist.
538 2122 574 2171 iii.
586 2123 612 2171 ii.
623 2124 641 2171 i.
652 2126 678 2173 9.
759 2123 908 2173 Dardanides
922 2133 1004 2171 matres
1020 2123 1127 2188 Epistola
1144 2123 1253 2173 Helene.

310 2197 353 2246 Nil
362 2198 471 2261 nisiflere
481 2198 543 2246 libet.
756 2197 851 2247 Herus.

213 2270 244 2320 In
253 2272 373 2325 Putesneo
383 2280 427 2329 est,
438 2272 593 2337 desumimus.
627 2272 707 2321 Ham·
789 2275 831 2321 69.
850 2273 902 2326 Qun
919 2275 963 2320 duo
977 2283 1095 2336 porrectus
1112 2273 1178 2337 longe
1186 2272 1256 2337 freto

212 2362 273 2396 sion
285 2386 288 2393 .
301 2347 326 2396 N
327 2363 357 2396 on
367 2347 510 2396 movendum
520 2346 580 2394 illud
583 2347 645 2410 flers
655 2349 708 2397 licet
755 2349 851 2395 distinet
863 2346 964 2403 Isthmos,
979 2348 1046 2396 Vecte
1054 2349 1182 2410 peregrinis
1193 2347 1253 2408 Hip·

213 2430 280 2469 certe.
297 2421 355 2485 quia
370 2419 488 2468 nonlicet
502 2435 568 2468 anna
582 2436 666 2485 capere
681 2431 706 2470 et
753 2423 861 2481 potamia
873 2420 950 2484 rotin]
970 2422 1026 2469 Duo
1036 2429 1091 2469 sunt
1101 2419 1253 2477 advertenda,

213 2510 268 2546 ense
285 2494 405 2545 vindicare
424 2493 537 2551 dolorem,
555 2495 617 2559 quod
639 2494 705 2545 virile
755 2505 780 2543 et
795 2496 860 2560 quod
876 2496 938 2545 male
955 2496 1048 2545 codices
1058 2509 1140 2544 omnes
1155 2493 1252 2552 habent,

211 2578 255 2627 est,
275 2569 359 2619 saltem
380 2567 505 2616 muliebria
530 2584 596 2616 arma
616 2584 705 2628 moveo,
755 2571 850 2626 detinet,
860 2586 915 2620 cum
931 2573 1022 2619 distinet
1037 2560 1109 2619 dubio
1123 2567 1204 2633 procul
1216 2568 1251 2617 le·

211 2659 264 2709 qu·
281 2650 337 2693 sunt
349 2642 468 2700 lacrimem
489 2651 549 2689 certe
567 2641 605 2689 hic
623 2645 705 2693 estad
754 2643 860 2705 gendum
877 2643 916 2701 sit,
933 2643 996 2707 quod
1013 2642 1090 2707 quivis
1106 2641 1145 2689 vel
1162 2640 1252 2689 medio-

209 2717 339 2773 minimum
349 2715 443 2772 saltem,
455 2723 482 2764 ut
491 2715 555 2779 apud
568 2715 704 2764 Terentium
754 2717 824 2766 criter
845 2717 928 2766 doctus
951 2717 1072 2765 advertat:
1100 2723 1125 2762 et
1145 2713 1202 2779 quid
1221 2714 1254 2763 sit

210 2790 409 2841 etdioscenties.
444 2790 469 2838 st
478 2791 540 2837 illud
554 2794 703 2853 ergononli·
754 2789 823 2849 illud,
834 2791 899 2856 quod
909 2800 1014 2846 artemas
1025 2799 1085 2837 rotas
1094 2786 1250 2853 inllippoda·

207 2875 250 2924 est,
268 2869 347 2916 saltem
365 2867 405 2914 boc
422 2865 505 2919 licebit,
527 2874 554 2912 ut
572 2864 597 2911 in
614 2864 702 2914 aliare
754 2864 802 2913 mia
813 2866 851 2914 hle
863 2865 927 2914 dicat
935 2862 1046 2913 Ovidius.
1079 2863 1131 2912 Nos
1140 2878 1189 2911 rem
1197 2878 1250 2911 eru·

208 2939 331 2991 Terentius
342 2940 386 2989 sit.
397 2939 432 2987 iv.
451 2939 513 2987 Eun.
526 2940 550 2986 2.
568 2955 644 3003 neque
655 2941 703 3004 dis-
753 2937 808 2986 ditis
818 2940 889 2987 etiam
905 2955 952 2987 non
968 2937 1051 3003 paucis
1063 2935 1168 3001 ignotam
1183 2936 1249 2984 brevi

201 3012 304 3080 fundae
313 3014 433 3082 displicet,
445 3013 508 3078 quod
519 3014 582 3061 idem
591 3021 627 3060 est
638 3014 701 3077 quod
753 3010 931 3076 explicabimus,
943 3029 971 3061 ex
984 3013 1087 3061 Pindaro
1097 3010 1122 3059 in
1134 3009 1215 3076 primis
1225 3018 1251 3059 et

207 3088 320 3146 minuere,
332 3089 358 3138 in
367 3088 472 3137 diversas
487 3095 566 3151 partes
582 3086 702 3135 tundendo
751 3084 885 3150 Apollonio,
896 3087 937 3150 qui
948 3102 1002 3135 cum
1019 3084 1184 3150 interpretibus
1200 3085 1249 3133 suis

206 3163 336 3214 abeunte.
358 3179 414 3211 nem
431 3162 557 3226 desundm
573 3169 632 3225 puto
649 3177 700 3209 esse
751 3160 882 3224 prodidere,
890 3160 1073 3227 Hippodamiam
1082 3159 1143 3208 inter
1153 3175 1248 3209 curreu-

207 3236 302 3289 futtrlere
312 3255 343 3288 ex
353 3246 444 3302 patera,
453 3235 492 3284 vel
508 3234 579 3290 simili
590 3251 614 3283 re
625 3235 699 3299 liquo-
750 3233 807 3281 dum
818 3234 895 3283 alieno
902 3251 980 3292 curru,
988 3235 1013 3284 id
1024 3243 1060 3284 est
1068 3249 1199 3300 procorum,
1206 3235 1247 3298 qui

206 3318 264 3369 run,
277 3312 304 3361 in
320 3310 387 3360 eliud
403 3325 444 3358 vas
455 3308 492 3357 vel
511 3309 587 3357 locum
605 3308 700 3361 inferius
749 3323 804 3355 cum
814 3325 844 3357 ea
853 3324 924 3357 cursu
935 3311 1065 3365 certabant,
1078 3324 1129 3357 esse
1139 3318 1246 3357 vectam:

205 3385 315 3450 potimur,
326 3385 458 3451 diffundere
468 3393 504 3432 est
513 3383 548 3431 ita
558 3382 664 3440 sundere,
673 3395 699 3435 ut
749 3382 813 3431 unde
831 3392 855 3431 et
872 3382 916 3431 hoc
931 3381 956 3430 in
972 3383 1025 3432 loco
1040 3385 1173 3446 peregrinus
1185 3392 1247 3432 rotas

205 3455 697 3524 ipseliquorpereat,diversislocislusus;
748 3457 843 3522 Pelopis
854 3473 947 3506 currum
955 3457 1083 3514 intellexit,
1091 3457 1246 3521 quodonatus

204 3540 230 3581 et
237 3532 291 3583 binc
301 3533 414 3583 translate
425 3539 462 3580 est
469 3531 583 3580 minuere.
601 3542 624 3580 et
634 3533 696 3583 idem
747 3531 787 3580 ille
795 3532 851 3580 olim
860 3548 875 3580 a
883 3532 995 3596 Neptuno
1003 3542 1039 3581 est
1049 3531 1075 3579 in
1085 3531 1171 3580 amoris
1181 3547 1244 3579 com·

204 3605 242 3657 bie
251 3607 310 3658 dicit
320 3607 383 3673 quod
394 3606 419 3654 in
427 3605 556 3654 Tristibus:
746 3605 916 3670 pensationem.
945 3606 1085 3654 llonsrrus.
1119 3605 1148 3653 In
1166 3605 1244 3669 Epist.

235 3681 346 3745 Esplstsu
355 3683 462 3744 terymts
471 3684 615 3746 egeriturque
625 3684 695 3730 dolor.
746 3679 851 3728 Pltaedrae
860 3699 865 3726 :

202 3753 241 3807 lli
254 3756 384 3822 &fundere
399 3757 508 3811 numum,
519 3757 617 3811 oulttrm,
633 3759 694 3804 ‹lnlo-
777 3755 878 3816 AEquoru
889 3756 941 3800 bino
957 3755 1003 3800 suis
1018 3762 1149 3816 oppugnant
1159 3752 1243 3815 flucti-

202 3846 249 3879 τοι
259 3839 285 3880 et
299 3830 387 3879 similia
399 3829 429 3878 de
443 3830 529 3893 quibus
546 3829 595 3878 vid.
608 3831 693 3879 Barth.
840 3830 880 3876 bus
891 3827 999 3882 Isthmon,

201 3902 233 3955 d
247 3905 309 3955 utet.
327 3904 354 3953 ii.
372 3903 449 3952 Theb.
466 3904 522 3952 213.
540 3904 644 3952 Broulrlt.
663 3906 693 3953 ad
809 3903 841 3950 Et
860 3905 935 3950 tenuis
953 3902 1021 3948 tellus
1034 3902 1101 3947 audit
1120 3910 1243 3962 utrumqne

200 3974 288 4029 mull-
298 3979 316 4028 i.
327 3979 353 4027 ii.
363 3980 388 4026 ³.
421 3978 533 4028 Ceterum
543 3978 693 4040 matetlgna-
831 3977 934 4041 fretum.

198 4048 537 4120 llU.hted{0”usionadiemm
547 4052 626 4100 refert.
637 4067 693 4102 nam
742 4050 774 4101 Et
784 4051 893 4100 Medeae:

199 4122 354 4191 millet,
364 4125 692 4191 etdssffisst'onetdt'eru-mffisse
775 4126 866 4190 Quique
881 4126 950 4172 mro
965 4124 1051 4187 gemini
1068 4123 1160 4170 diuinet
1180 4119 1240 4171 Istl-

195 4194 392 4269 mim
401 4199 444 4251 (liu
453 4209 489 4250 est
499 4200 564 4266 quod
574 4200 617 4249 viri
627 4199 692 4251 (loeti
837 4196 977 4261 maqussi
1239 4236 1243 4243 ,
