2896 4980
209 306 275 373 322
505 308 543 370 Ρ.
567 305 728 373 ovlnll
753 306 965 373 NASONIS

212 479 339 562 Quid?
365 481 456 577 quia
472 480 628 578 pulcher
645 481 727 566 erit,
745 492 877 579 poscet
894 480 975 555 sine
992 504 1146 555 munere
1162 506 1240 555 noc-

263 594 373 678 Quod
390 596 467 683 det,
486 607 689 669 amatorem
708 595 853 691 flagitet
869 606 957 669 ante
973 620 1097 670 suum.
1130 598 1242 693 [teml

213 708 367 785 Parcius
385 711 527 808 exigito
545 710 719 808 pretium,
738 711 829 783 dum
846 710 940 785 retia
955 712 1093 797 tendis,

263 825 321 900 Ne
339 826 494 923 fugiant.
522 836 653 923 captos
670 825 817 921 legibus
836 849 901 899 ure
918 825 1006 899 tuis.
1200 832 1241 899 70

211 941 246 1014 N
250 968 293 1017 ec
312 943 441 1017 nocuit
456 943 653 1016 simulatus
671 966 787 1015 amor.
816 941 897 1015 sine
915 942 1046 1016 credat
1063 942 1195 1016 amari:

262 1061 338 1134 Sed
356 1084 460 1144 cave,
480 1083 527 1132 ne
544 1060 660 1154 gratis
679 1059 739 1131 hic
758 1057 827 1131 tibi
844 1068 993 1131 constet
1010 1081 1126 1132 amor.

210 1175 321 1273 Saepe
336 1199 434 1273 nega
449 1187 592 1249 noctes
621 1173 754 1272 capitis
773 1174 884 1246 modo
902 1173 1002 1268 finge
1019 1173 1201 1247 dolorem:

258 1291 309 1365 Et
326 1293 437 1365 modo
455 1316 540 1389 quae
557 1315 711 1365 caussas
729 1290 908 1388 praebeat‚
929 1287 1001 1363 lsis
1020 1289 1102 1363 erit.

207 1405 302 1480 Mox
320 1407 466 1505 recipe;
497 1419 538 1479 ut
555 1406 697 1479 nullum
716 1404 882 1503 patiendi
901 1403 1055 1500 colligat
1071 1426 1189 1490 usum,
1197 1404 1238 1475 75

257 1522 363 1595 Neve
381 1523 606 1595 relentescat
623 1543 724 1617 saepe
743 1519 916 1616 repulsus
934 1542 1049 1593 amor.

208 1636 332 1710 Surda
349 1637 398 1710 sit
414 1637 534 1711 oranti
553 1649 620 1709 tua
630 1638 760 1734 janua,
780 1636 868 1708 laxa
883 1634 1030 1709 serenti.

255 1752 396 1825 Audiat
413 1753 558 1827 exclusi
575 1755 691 1827 verba
708 1762 882 1848 receptus
901 1775 1044 1825 amans.

206 1866 268 1953 Et,
288 1869 394 1963 quasi
413 1869 504 1940 laesa
521 1869 633 1965 prior,
653 1891 934 1964 nonnumquam
953 1867 1113 1941 irascere
1129 1865 1224 1937 laeso.

254 1981 446 2057 Vanescat
463 1984 577 2082 culpa
596 1986 708 2083 culpa
725 2007 887 2081 repensa
902 1984 983 2056 tua.
1198 1982 1240 2051 80

234 2206 284 2255 Noc
304 2218 326 2255 ta
346 2210 459 2270 deripiant
479 2211 560 2257 veteru
579 2212 699 2272 quicquam
783 2206 1117 2273 ll'asugint,enptrssrlegilru
1125 2206 1226 2253 anuis.

264 2284 326 2329 atriu
336 2299 403 2329 cere.
749 2281 874 2346 Superiora
889 2288 964 2344 agunt
973 2279 1005 2329 de
1023 2279 1240 2344 pulchronium:

204 2353 237 2401 Ut
247 2354 279 2403 sit
288 2355 355 2403 ordo:
374 2356 427 2404 Nec
438 2363 461 2404 te
472 2353 600 2419 quicquam
611 2355 699 2421 decipi·
750 2370 797 2418 quo
806 2355 878 2403 etiarn
888 2354 940 2404 hec
953 2362 1008 2404 snnt
1018 2352 1151 2403 romae
1167 2352 1240 2403 vua.

201 2436 243 2475 ant
259 2428 320 2478 atria
333 2445 393 2479 ceras
403 2430 497 2487 veteris,
514 2430 561 2477 dic.
595 2430 658 2477 Nam
676 2439 700 2479 et
750 2428 850 2477 Flaccus
859 2428 890 2477 de
901 2429 993 2492 Amyco
1004 2428 1038 2475 ir.
1049 2427 1108 2477 753.

199 2501 318 2550 sententia
328 2503 372 2552 hoc
384 2503 453 2551 modo
463 2502 534 2567 plana
549 2503 663 2555 redditur.
674 2513 699 2551 et
781 2529 879 2539 —
890 2502 952 2567 Lego
960 2503 1019 2565 qnod
1028 2504 1111 2550 occidit
1120 2502 1185 2548 altas

199 2574 276 2623 facilis
294 2576 405 2625 transitus
421 2575 466 2625 luit
483 2592 512 2623 ex
534 2575 661 2638 Quicquam
675 2588 697 2625 et
783 2576 894 2638 lpsssuu.
1127 2574 1213 2623 Hune

198 2652 270 2705 atrio,
281 2650 307 2697 in
318 2650 483 2712 Quinquatria,
494 2650 539 2698 &e
559 2650 605 2699 Sed
617 2660 698 2699 tamen
748 2650 810 2699 Cum
827 2661 938 2699 constans
952 2650 983 2699 sit
1000 2649 1072 2699 lectio
1087 2652 1142 2706 tais,
1151 2646 1240 2698 ratium.

199 2737 267 2770 suurn
290 2723 377 2788 cuique
401 2723 519 2789 judicium
543 2723 697 2787 relinquatur.
748 2740 789 2771 ure
800 2740 841 2790 pro
852 2724 949 2773 arbitrio
958 2734 1008 2779 tuo,
1020 2722 1121 2788 legibus.
1132 2722 1241 2789 qnasip

200 2797 341 2847 Μισηιυι.
381 2797 463 2846 Codex
491 2798 588 2853 Daune,
616 2802 697 2846 asteris
747 2797 813 2846 dices
823 2799 948 2863 rapacitati
958 2810 1015 2856 tun,
1024 2797 1189 2863 utlenoapnd
1199 2796 1240 2845 Ta-

198 2874 352 2934 quinquennia
362 2890 428 2922 cere.
440 2873 465 2921 id
477 2882 520 2928 est,
531 2882 557 2923 ut
567 2872 609 2921 ille
620 2873 695 2929 addit,
746 2882 807 2921 rent.
825 2873 920 2921 Phorm.
936 2873 972 2921 iii.
988 2875 1014 2922 2.
1049 2873 1105 2921 Ma
1122 2875 1170 2937 laga
1183 2882 1241 2921 star.

199 2949 307 3009 irnnginer
322 2965 399 2997 ceree.
416 2947 474 2995 mihi
491 2946 582 2996 Heinsii
602 2948 695 3011 conjec·
746 2944 829 2993 eadem
847 2956 883 2993 est
900 2946 961 2994 ratio
983 2946 1079 3009 injure
1097 2956 1146 3003 tao,
1161 2955 1186 2995 et
1199 2961 1242 2993 sss.

198 3027 252 3067 tura
262 3020 363 3068 maxime
375 3019 453 3068 adhuc
464 3019 586 3075 arridet,si
597 3036 639 3084 pro
649 3024 695 3069 cir·
746 3017 841 3083 Ignibus
852 3036 895 3067 ure
906 3022 962 3067 trois.
980 3020 1029 3068 dno
1045 3020 1134 3069 moreti
1149 3028 1174 3069 et
1185 3032 1241 3069 naas

198 3108 257 3147 rum,
268 3096 329 3141 circa
340 3110 394 3141 cum
405 3093 519 3141 Scriverio
530 3094 604 3157 legas,
614 3104 696 3143 rutam
745 3093 876 3142 Palatinus.
910 3095 1000 3142 Bonis.

197 3168 258 3211 circa
269 3169 329 3212 atriu
340 3183 403 3215 cere.
420 3182 474 3214 nam
485 3169 547 3215 circo
558 3182 599 3229 pro
609 3171 696 3216 circum
779 3169 818 3216 74.
834 3168 876 3216 lais
893 3167 960 3230 erte]
975 3168 1035 3216 linc
1046 3166 1131 3217 Inachi
1146 3164 1241 3217 flunln'!

198 3235 270 3282 etiam
281 3238 506 3287 obtinuissevideas.
525 3250 605 3287 veteres
616 3249 695 3288 autem
744 3241 889 3296 fflianove
899 3241 1182 3290 invaccammutataest:
1194 3248 1239 3289 lun

197 3325 260 3355 ceras
279 3310 349 3366 dirit,
371 3324 398 3361 ut
424 3330 452 3360 as
472 3322 584 3361 cenidum
606 3313 694 3362 Claud.
744 3313 1241 3380 inpristinamlormamreversuetdeaiat·

198 3384 269 3429 Cous.
280 3383 334 3446 Oly·
346 3402 363 3431 r.
377 3387 415 3435 la.
433 3401 462 3433 ex
474 3402 520 3434 ure
538 3386 600 3433 cuim
616 3403 693 3451 aeque,
745 3395 778 3443 ta,
789 3390 818 3436 ab
832 3388 955 3452 AEgyptiis
971 3388 1108 3437 colebatur:
1126 3387 1195 3452 enjus
1205 3400 1241 3435 aa·

197 3465 268 3518 atque
280 3472 308 3503 ex
320 3472 373 3505 cera
383 3458 454 3506 luisse
471 3458 513 3507 lias
528 3459 642 3521 imagines
652 3461 692 3508 do-
744 3476 783 3509 cra
794 3463 824 3511 ad
835 3462 953 3509 &manos
967 3460 1240 3526 translatasuntqnibns

196 3528 408 3579 cetibiBartlrius.
443 3532 510 3579 Circa
527 3541 605 3580 autem
621 3538 692 3590 utria,
743 3535 879 3582 solennibus
889 3535 1006 3582 Romana
1021 3532 1133 3583 mulieres
1147 3532 1240 3583 neuha-

197 3616 238 3667 pro
249 3601 274 3650 in
285 3603 359 3656 atriis.
372 3604 410 3652 vel
420 3603 444 3652 in
457 3604 558 3652 maxime
569 3606 696 3671 conspicua
745 3608 802 3656 bant
820 3625 861 3673 per
878 3607 991 3673 plurimos
1009 3608 1070 3664 dies,
1088 3624 1133 3657 nee
1149 3623 1176 3657 sa
1189 3604 1242 3657 viris

196 3675 249 3724 atrii
276 3686 352 3741 parte.
394 3678 567 3726 Bunususus.
607 3680 696 3729 Omnia
746 3682 917 3730 admiscebant.
951 3680 994 3730 lais
1019 3684 1073 3739 erit,
1094 3699 1143 3745 qu
1165 3696 1240 3731 mu

197 3749 247 3798 haec
258 3750 352 3807 frustra,
363 3760 387 3799 et
397 3752 464 3815 quasi
477 3751 508 3799 de
518 3750 600 3798 nihilo.
621 3753 694 3806 Quiu-
741 3755 860 3818 predone]
880 3755 1012 3803 Simulatis
1020 3773 1035 3803 o
1045 3752 1238 3803 marinianu

194 3827 286 3884 qrrutrin
302 3826 411 3873 animast
424 3828 524 3886 porticus
539 3828 694 3887 quinqueuiri·
744 3844 788 3875 rem
807 3828 984 3884 diuinam,nbit.
1018 3824 1239 3891 Ter.lleeyr.l·2

195 3899 349 3947 brrmcrorum.
383 3899 474 3948 Glossae
489 3899 569 3947 Fausti
581 3900 692 3948 llomnni.
743 3900 776 3949 sic
787 3912 812 3950 et
821 3901 902 3949 Tibul.
914 3902 939 3948 4.
951 3898 1136 3951 Ιίδ.ιά]ωοπ.

196 3970 284 4021 Auia.
777 3975 824 4022 lllu
835 3978 923 4037 quidem
935 3977 1034 4025 ornandi
1044 3972 1182 4027 uwffl
1195 3968 1240 4019 Νι·

229 4046 270 4092 70.
290 4044 445 4111 lt'esugi'unt,
456 4055 532 4108 ruptos
551 4046 636 4107 legibus
655 4064 694 4096 ure
809 4067 846 4105 nn,
859 4052 953 4113 relegat,

198 4119 265 4180 uria]
287 4119 386 4181 Videtur
396 4118 588 4169 rescribendum:
781 4123 817 4169 Est
832 4132 906 4169 samen
917 4123 1005 4169 mults
1014 4114 1247 4183 mmm.

1204 4224 1212 4253 l
