2896 4980
192 335 258 401 486
487 333 527 400 Ρ.
550 331 713 401 ovum
736 331 948 402 NASONIS

196 507 347 581 Aversis
366 509 508 582 utinam
524 509 734 606 tetigissem
751 509 918 583 carmina
935 507 1076 598 Musis3

246 620 414 696 Phoebus
432 635 472 696 et
488 623 680 722 inceptum
698 624 934 698 destituisset
950 625 1061 723 opus!

196 736 232 809 N
235 761 279 810 ee
298 748 438 826 tamen,
457 749 500 812 ut
516 750 633 814 testes
651 765 731 814 mos
748 751 808 813 est
825 740 953 815 audire
971 740 1122 828 Poiitas,

246 849 456 928 Malueram
473 852 596 928 verbis
614 854 762 953 pondus
780 854 914 928 abesse
931 856 1037 928 meis.
1192 859 1240 927 20

197 967 272 1042 Per
288 993 356 1042 nos
376 969 516 1068 Scylla,
536 969 633 1067 patri
651 993 765 1043 canos
782 968 904 1042 furata
921 960 1089 1069 capillos,

246 1081 355 1156 Pube
373 1082 509 1182 premit
526 1083 675 1156 rabidos
693 1083 984 1181 inguinibusque
1000 1108 1129 1158 canes.

196 1198 233 1271 N
237 1222 279 1272 os
297 1199 457 1297 pedibus
471 1223 615 1297 pennas
627 1200 813 1284 dedimus,
826 1224 894 1272 nos
904 1199 1070 1274 crinibus
1084 1184 1237 1296 angues.

245 1313 377 1388 Victor
394 1314 627 1388 Abantiades
646 1302 734 1388 alite
753 1315 869 1388 fertur
882 1339 995 1412 equo.

197 1427 317 1503 iidem
335 1453 403 1527 per
421 1431 582 1528 spatium
601 1425 739 1528 Tityon
757 1431 994 1529 porreximus
1012 1431 1163 1527 ingens:
1191 1434 1238 1504 25

247 1544 298 1617 Et
313 1545 386 1618 tria
401 1544 551 1643 vipereo
569 1543 725 1618 fecimus
743 1570 808 1619 ora
825 1547 921 1619 cani.
1034 1530 1037 1535 ’

122 1705 125 1711 -
197 1659 371 1733 Fecimus
390 1659 608 1733 Enceladon
621 1661 851 1757 jaculantem
869 1662 970 1734 mille
988 1661 1159 1749 lacertis3

246 1774 444 1871 Ambiguae
461 1787 591 1874 captos
609 1777 761 1872 virginis
779 1801 842 1851 ore
860 1777 969 1850 viros.

196 1889 336 1962 AEolios
356 1890 496 1964 Ithacis
515 1892 733 1965 inclusimus
753 1892 896 1964 utribus
916 1891 1037 1964 Euros
1051 1917 1076 1993 :⁴

247 2002 421 2078 Proditor
439 2007 476 2079 iu
493 2008 617 2081 medio
635 2007 814 2083 Tantalus
833 2032 943 2081 amne
961 2006 1051 2080 sitit.
1192 2010 1240 2082 30

199 2119 258 2193 De
278 2118 401 2193 Niobe
419 2122 575 2205 silicem,
595 2123 642 2193 de
660 2122 801 2217 virgine
819 2122 976 2196 fecimus
995 2144 1138 2195 ursam:

249 2232 426 2308 Concinit
444 2235 650 2335 Odrysium
669 2237 851 2334 Cecropis
866 2238 943 2310 ales
962 2235 1064 2332 Ityn.

195 2462 344 2512 leberrimam
360 2464 427 2529 Epici
443 2465 553 2514 carminis
563 2466 693 2513 materiam.
744 2475 795 2514 tum
806 2480 922 2513 remeasse
933 2463 958 2511 in
968 2461 1079 2528 patriam.
1100 2462 1190 2511 Bran.

196 2536 232 2584 ita
252 2546 276 2584 et
296 2536 322 2584 ii.
344 2536 414 2586 Trist.
434 2539 491 2586 317.
518 2547 543 2586 et
570 2538 693 2587 Anacreon
776 2541 819 2587 28.
832 2541 948 2603 Ambigua
964 2547 1040 2598 copim
1048 2539 1146 2601 virginis
1158 2553 1196 2585 ore
1209 2539 1241 2584 oi⁴

198 2610 245 2658 Od.
256 2611 272 2658 i.
744 2612 803 2674 roa]
825 2611 916 2660 Dubito
925 2609 1089 2667 valde,anbie
1100 2609 1139 2657 vel
1150 2608 1241 2658 Sirenes

228 2682 296 2732 eila
305 2684 388 2749 λέγειν
401 2683 534 2749 Ἀτρείδας,
746 2689 783 2734 vel
807 2687 875 2735 Circe
897 2684 998 2798 intelligi
1023 2685 1137 2733 debeant.
1173 2684 1241 2734 Certe

229 2756 297 2806 θέλω
308 2756 332 2806 tt
344 2758 446 2823 Κάδμον
454 2756 532 2824 ᾄδειν.
746 2751 840 2799 Circem
850 2749 965 2813 virginem
992 2749 1101 2814 ieiposse
1119 2758 1241 2814 noapruo,

198 2830 229 2878 Et
240 2830 287 2879 Od.
299 2831 347 2879 rvi.
746 2840 799 2888 quae
810 2833 870 2872 teste
882 2822 954 2870 Diod.
964 2823 1003 2870 sic
1014 2821 1058 2870 lib.
1070 2820 1105 2869 iv.
1121 2837 1177 2886 pag.
1190 2823 1241 2871 ltt.

230 2907 265 2954 Σὺ
273 2907 320 2970 μὲν
330 2904 407 2968 λέγεις
417 2907 448 2953 τὰ
458 2904 554 2966 Θήβης,
745 2906 820 2963 nupta
830 2895 987 2945 anteasuerat
998 2895 1062 2959 Regi
1077 2896 1242 2952 Samatarum,

228 2976 283 3028 'Oi'
294 2978 326 3027 orl
336 2982 443 3042 Φρυγῶν
451 2976 534 3035 aaa.
575 2977 662 3024 Boua.
746 2987 793 3036 quo
808 2971 886 3019 occiso
900 2970 925 3017 in
940 2968 1036 3024 ltaliam
1057 2968 1155 3017 demum
1175 2967 1243 3017 venit.

232 3053 270 3101 19.
282 3053 331 3100 Nec
352 3051 448 3113 tanen]
479 3047 604 3115 Scripsisse
625 3049 695 3098 credo
747 3060 790 3093 nec
802 3054 849 3092 tam
860 3052 940 3108 captos
957 3043 1008 3106 ejus
1026 3057 1066 3090 ore
1082 3041 1154 3098 viros,
1173 3056 1242 3106 quarn

198 3127 328 3180 Nasonem,
340 3142 403 3173 virano
415 3135 497 3172 tomen.
531 3123 619 3172 Bura.
746 3115 866 3167 veneficiis
882 3131 961 3164 versos
976 3115 1001 3162 in
1017 3130 1100 3180 porcos
1114 3115 1196 3163 Poiitas
1206 3129 1243 3163 ca·

230 3200 272 3245 24.
284 3198 445 3260 Abantiades]
475 3195 577 3245 Huetius
593 3194 618 3244 in
635 3195 695 3243 notis
746 3203 812 3241 nunt.
829 3191 903 3254 major
919 3188 1011 3253 species
1026 3196 1062 3236 est
1079 3189 1105 3236 in
1116 3187 1242 3243 Sirenrbur,

198 3271 228 3318 ad
239 3269 415 3334 Epigrammata
424 3272 509 3320 Grmea
524 3269 567 3318 lib.
577 3269 593 3316 i.
604 3284 659 3334 pag.
671 3268 694 3315 3.
745 3267 787 3316 sed
799 3265 858 3314 dura
875 3263 926 3311 bare
941 3262 1059 3326 enallage,
1073 3271 1101 3311 ut
1117 3277 1167 3310 una
1181 3261 1243 3326 virgo

198 3350 266 3407 putat
279 3342 392 3390 Ovidium
408 3343 447 3391 hic
465 3342 577 3398 memoria
593 3342 695 3407 lapsum,
745 3348 846 3406 ponatur
867 3353 908 3402 pro
933 3335 1049 3401 plurimis.
1080 3337 1163 3392 Quare
1189 3335 1243 3383 forte

198 3417 348 3463 Abantiadas
368 3432 450 3465 vocare
479 3416 695 3481 Bellerophontem,
745 3414 850 3479 Sphinga
869 3407 1014 3459 intellexerit
1033 3408 1174 3473 Numquae
1185 3405 1244 3473 cepit

199 3504 253 3537 eum
273 3488 352 3535 nullus
369 3488 436 3536 Abas
451 3488 511 3536 inter
527 3490 578 3552 ejus
596 3488 696 3551 majores
746 3502 827 3536 revera
836 3485 905 3534 viros.
928 3484 1019 3532 Boua.

199 3563 320 3618 referatur,
330 3561 372 3609 sed
382 3561 443 3610 inter
453 3561 544 3609 Persei.
553 3561 696 3624 quianullus
779 3561 820 3608 30.
834 3559 942 3606 Proditor
960 3555 1095 3616 Tantalus]
1121 3553 1203 3613 Quod,
1219 3561 1243 3602 ut

200 3637 325 3685 Poisarum
343 3634 461 3698 Pegasum
479 3632 521 3681 dat
541 3632 635 3689 Perseo,
653 3633 696 3681 serl
746 3642 813 3700 puto,
824 3634 929 3681 Deorum
941 3645 1093 3680 arcanarum
1110 3629 1244 3678 mortalibus

199 3725 281 3759 omnes
298 3724 346 3757 uno
359 3723 398 3757 ore
416 3706 602 3771 Bellerophonti.
633 3705 696 3754 Hine
747 3708 952 3755 communicasset.
974 3703 1052 3767 quue
1062 3700 1167 3751 ostendit
1176 3697 1242 3750 Euri·

199 3785 256 3849 qnia
272 3783 389 3847 Pegasum
407 3782 488 3830 Polite
506 3781 598 3843 fingunt
614 3788 700 3827 natum
747 3778 892 3846 pidesinitio
903 3777 1002 3830 Orestis.
1014 3776 1055 3825 ubi
1067 3777 1102 3824 ita
1112 3785 1164 3824 est:

199 3875 229 3906 ex
240 3857 354 3922 sanguine
364 3855 482 3910 Medusae,
493 3869 547 3903 cum
564 3853 609 3918 ipsi
625 3863 697 3917 caput
903 3850 959 3900 ''Or-r
968 3851 1041 3907 θεοῖς,
1051 3850 1185 3914 ἅνθρωπος
1194 3844 1236 3902 ὂν,

200 3947 214 3980 a
232 3932 318 3982 Perseo
338 3942 400 3980 esset
417 3937 542 3984 resectum,
562 3925 629 3991 (vide
648 3926 696 3974 late
780 3928 875 3985 Κοινῆς
884 3922 1007 3989 τραπέζης
1021 3922 1106 3987 ἀξίωμ’
1117 3923 1183 3986 ἔχων
1192 3920 1244 3968 ἴσον

198 4003 277 4052 Tretz.
288 4005 318 4053 ad
336 4005 452 4070 Lycopbr.
469 4000 587 4053 Alexand.
605 4018 627 4048 v.
647 3999 697 4060 17.)
779 4000 930 4049 Ἀκόλαστον
939 3999 995 4062 ἔσχε
1007 3999 1137 4062 γλῶσσαν,
1150 3991 1244 4058 alexio·

200 4087 263 4130 recte
274 4078 332 4128 dicit
342 4095 396 4127 eum
407 4079 519 4128 victorem
535 4077 626 4141 Pegaso
642 4090 697 4123 vec·
817 4091 864 4131 την
872 4072 958 4121 νόσον.
1145 4069 1213 4118 Cror.

661 4418 928 4686 n
