2896 4980
196 303 261 367 m
486 302 524 365 P.
548 298 709 365 OVIDII
734 296 945 365 NASONIS

198 474 366 551 Phasida
381 499 509 575 puppe
527 474 621 549 nova
637 473 741 548 vexit
758 471 965 570 Pagasaeus
983 471 1118 548 Iason:
1163 475 1234 549 346

250 592 357 666 Laesa
373 614 443 666 nec
460 602 520 667 est
537 590 682 664 Colcha
698 588 881 663 Thessala
896 600 995 663 terra
1012 613 1139 665 manu.

198 709 253 784 Te
271 733 422 807 quoque
440 709 505 806 qui
523 706 658 805 rapuit,
673 707 797 804 rapuit
815 706 986 780 Minoida
1001 706 1194 782 Theseus:

248 825 365 899 Nulla
379 836 505 899 tamen
524 823 649 896 Minos
668 823 802 897 Cretas
820 825 868 897 ad
886 847 990 898 arma
1005 833 1128 898 vocat.

198 940 332 1014 Terror
349 943 386 1013 in
404 941 463 1014 his
482 940 564 1037 ipso
582 940 700 1036 major
717 940 813 1012 solet
830 964 913 1013 esse
931 939 1096 1037 periclo:

247 1058 419 1155 Quaeque
436 1058 568 1131 timere
585 1058 689 1140 libet,
709 1056 946 1154 pertimuisse
963 1056 1095 1154 pudet.
1164 1059 1232 1129 350

198 1174 316 1272 Finge
333 1187 471 1260 tamen,
491 1175 523 1246 si
539 1174 607 1259 vis,
627 1174 759 1269 ingens
776 1196 1002 1269 consurgere
1019 1173 1174 1246 bellum.

248 1292 298 1364 Et
315 1291 406 1364 mihi
423 1302 512 1363 sunt
527 1290 645 1363 vires:
674 1300 713 1362 et
728 1312 816 1362 mea
832 1290 909 1363 tela
925 1299 1076 1362 nocent.

198 1407 281 1484 Nee
299 1409 419 1481 minor
436 1417 495 1481 est
511 1406 625 1493 Asiae,
645 1429 758 1502 quam
775 1417 908 1480 vestras
925 1405 1037 1503 copia
1053 1416 1186 1479 terrie:

248 1525 320 1599 Illa
335 1524 423 1597 viris
441 1524 558 1609 dives,
577 1523 682 1596 dives
699 1524 867 1597 abundat
884 1523 1005 1620 equis.

199 1640 235 1714 N
239 1665 282 1715 ec
299 1641 384 1739 plus
402 1640 553 1714 Atrides
571 1639 685 1713 animi
704 1639 901 1714 Menelaus
919 1638 1087 1724 habebit,
1165 1638 1232 1712 366

249 1759 372 1843 Quam
391 1756 520 1844 Paris3
549 1766 614 1829 aut
631 1756 743 1829 armis
763 1755 1025 1830 anteferendus
1043 1754 1126 1829 erit.

198 1871 304 1946 Pene
322 1896 415 1970 puer
430 1871 539 1944 cresis
558 1871 721 1945 abducta
737 1882 905 1944 armenta
921 1869 1046 1969 recepi

249 1985 453 2061 Hostibus:
483 1997 521 2060 et
538 2011 710 2061 caussam
728 1988 887 2064 nominis
905 1988 992 2060 inde
1009 1986 1091 2059 tuli.

199 2101 304 2177 Peue
321 2126 415 2201 puer
432 2102 533 2177 vario
545 2104 704 2200 juvenes
722 2106 926 2180 certamine
942 2103 1033 2190 vici3

249 2220 295 2293 In
313 2220 450 2317 quibus
469 2218 646 2308 Ilioneus,
666 2221 965 2320 Deiphobusque
981 2218 1064 2294 fuit.
1165 2218 1234 2290 360

229 2361 288 2410 346.
323 2359 461 2425 Pegusa]
493 2360 613 2425 Pugsseus
631 2362 693 2410 bene
744 2362 849 2426 Olympio
868 2362 997 2416 ommino,
1019 2359 1082 2407 uario
1099 2357 1235 2405 Iudiem

197 2433 332 2483 Puteaneus
355 2431 509 2482 attuarii.
531 2434 606 2498 Epist.
628 2434 693 2483 xviii.
741 2453 832 2501 gestau,
842 2436 992 2484 contenderit.
1030 2431 1097 2479 Vario
1112 2428 1235 2495 legendam

200 2509 255 2558 176.
272 2507 341 2558 etsie
352 2508 439 2557 Noster
449 2507 506 2557 alibi
522 2523 595 2572 sepe.
605 2510 666 2558 Stat.
677 2509 694 2558 i.
743 2527 837 2574 quoque
848 2508 950 2558 ostendit
966 2505 1066 2555 imitatio
1077 2504 1175 2553 Pindari
1186 2518 1235 2553 nea·

196 2580 259 2630 Acir.
269 2582 312 2632 66.
328 2581 391 2630 male
401 2581 481 2637 etiam,
496 2583 579 2644 puppis
589 2581 695 2648 Pegaseo
744 2585 781 2633 cio
791 2584 868 2650 cujus,
879 2583 904 2632 in
914 2582 1024 2648 Epitome
1034 2580 1125 2630 Iliados
1134 2580 1191 2628 260.

196 2672 239 2722 pro
250 2657 366 2721 Pegasus.
381 2655 432 2704 vid.
449 2663 474 2704 et
484 2656 574 2704 Lucan.
590 2656 618 2704 ii.
636 2658 693 2707 716.
919 2658 962 2706 Uti
980 2673 1043 2705 nuuc
1056 2659 1124 2713 sim,
1134 2656 1175 2704 sti
1187 2670 1237 2720 eq·

196 2729 268 2779 Silius
279 2729 311 2778 xi.
320 2731 377 2779 471.
397 2730 486 2778 Herus.
809 2735 860 2781 nita
870 2735 931 2781 nobis

229 2804 287 2852 366.
306 2803 355 2852 Nec
370 2805 423 2866 plus
439 2803 553 2866 Atridas]
573 2803 694 2869 Magnilo·
777 2805 896 2854 Iustorum
911 2809 1024 2869 pandam
1040 2805 1103 2851 varic
1119 2804 1238 2851 emutat

196 2878 302 2942 quentia,
318 2880 356 2927 cui
376 2893 423 2926 non
440 2877 562 2943 respondit
579 2895 616 2927 res
637 2880 696 2944 ipsa.
808 2884 842 2929 uis
853 2884 901 2929 est?
1119 2877 1209 2926 Βοιι.

196 2950 282 2999 Horat.
306 2952 324 3000 i.
353 2951 401 3000 od.
422 2966 463 2998 xv.
500 2951 596 2999 Sitblimi
613 2954 696 3017 fugies
777 2956 834 3003 360.
854 2954 883 3002 In
893 2954 972 3016 putitiu
984 2951 1091 3008 Ilioneus,
1103 2951 1238 3013 Des'ptsdas·

196 3027 271 3074 mollit
280 3029 393 3082 anhelitu,
406 3025 459 3074 Nou
470 3028 510 3073 hoc
516 3028 632 3087 pollicitus
643 3039 696 3076 τοι.
744 3028 865 3093 quescit-J
883 3026 969 3091 AgItur
978 3025 1018 3073 hic
1029 3024 1060 3073 de
1070 3022 1238 3072 Ilioneot’tru-

196 3098 287 3149 Burin.
744 3103 823 3150 baritis
841 3099 990 3166 πολυμήλου
1008 3098 1065 3155 filio,
1076 3097 1117 3163 qui
1136 3113 1152 3146 a
1163 3097 1238 3147 Peae-

230 3174 288 3221 ³57.
312 3173 374 3221 Pons
391 3190 448 3234 puer
464 3177 523 3222 casis
539 3176 638 3222 obducta
656 3192 695 3222 ον·
744 3174 791 3232 1εο,
812 3175 868 3223 dum
888 3176 982 3240 Trojam
1000 3172 1079 3223 Greci
1100 3171 1239 3229 obsiderem,

197 3255 272 3293 ments
290 3248 362 3307 recepi
380 3247 512 3310 Hordeum]
533 3247 612 3296 Hostes
630 3248 695 3297 suere
745 3249 836 3297 occisus
852 3250 910 3309 luit3
930 3248 961 3296 ll.
973 3249 1007 3300 Ξ.
1026 3248 1083 3295 439.
1099 3262 1154 3311 sqq.
1187 3245 1239 3295 Fuit

197 3317 295 3367 Cilices.
313 3319 362 3367 vid.
380 3320 533 3385 Dausquejus
551 3321 581 3368 ud
600 3322 695 3370 Calabr.
744 3332 768 3370 et
785 3323 845 3371 alter
859 3322 972 3377 Ilioneus,
983 3321 1099 3385 Trojanus
1115 3319 1189 3376 idern,
1200 3317 1239 3385 qai

196 3407 222 3456 p.
237 3392 293 3440 139.
744 3395 834 3444 socium
851 3413 876 3445 se
887 3398 972 3444 AEncte
989 3393 1122 3450 addiderat,
1133 3408 1178 3443 uec
1193 3393 1239 3442 elo-

230 3463 287 3512 363.
306 3462 336 3510 Ei
348 3480 437 3510 casum
448 3466 543 3513 nominis
553 3468 606 3513 inde
623 3465 693 3529 tuli]
745 3469 848 3533 quentia
862 3470 948 3525 minus,
959 3484 1031 3533 quam
1046 3467 1141 3516 bellica
1151 3466 1240 3517 mantis

198 3536 333 3602 Γενόμενος
344 3534 368 3585 dl
384 3536 522 3594 νεανίσκος,
534 3541 575 3587 καὶ
590 3540 695 3589 πολλῶν
744 3542 815 3592 laude
823 3543 901 3593 clarus
909 3562 916 3603 ;
925 3546 981 3592 AEn.
989 3543 1007 3590 i.
1018 3545 1077 3592 636.
1086 3541 1128 3591 rii.
1139 3543 1197 3591 319.
1208 3541 1239 3591 ia·

196 3608 457 3675 δεαφ1ρωνεὰλλεετε
476 3612 517 3659 καὶ
535 3611 695 3677 popponi&
744 3618 802 3666 669.
836 3619 964 3680 Deiphobus
983 3615 1072 3665 Priami
1092 3631 1122 3664 ex
1143 3615 1240 3665 Hscuts

196 3683 361 3750 Ἀλέξανδρος
398 3685 606 3749 προσωνομάσθη,
643 3690 695 3746 τοῖς
744 3689 814 3746 filius,
826 3691 866 3755 qui
883 3692 1009 3745 Helenam,
1021 3691 1137 3739 exstincto
1148 3687 1238 3744 Paride.

196 3759 321 3825 ποιμνίοις
338 3758 471 3819 ἀλεξήσας,
487 3759 548 3825 ὅπερ
566 3761 618 3810 ἐστὶ
633 3761 694 3823 βοη-
744 3764 813 3812 duxit
839 3781 948 3814 uxorem:
975 3780 1049 3829 quum
1070 3780 1126 3813 vero
1149 3762 1238 3828 Troiam

196 3832 284 3892 θήοος.
317 3832 430 3897 Apollod.
443 3832 524 3881 titis.
556 3833 646 3882 Ausa.
744 3838 823 3887 Danai
841 3838 895 3887 dolo
911 3839 1162 3903 occupassentipsum
1177 3852 1237 3902 egre·

229 3908 286 3955 369.
306 3906 394 3970 Vario]
417 3907 638 3956 Validoleidensis.
651 3908 694 3957 sed
742 3914 791 3975 gis,
807 3921 834 3960 ut
845 3924 922 3969 vocat,
934 3915 1027 3975 conjar,
1039 3911 1152 3961 Menelao
1167 3907 1235 3959 uadi·

197 3979 309 4045 intelllgit
330 3981 482 4032 πένταθλον.
500 3981 588 4032 lustin.
606 3982 649 4031 vii.
668 3984 693 4030 2.
743 3983 788 4033 dit.
822 3987 914 4034 Fortem
941 4001 966 4034 ae
987 3985 1052 4034 bello
1071 3994 1097 4034 st
1119 3993 1235 4034 suetum

198 4055 328 4103 Alesoadro
345 4066 410 4105 tanta
420 4059 520 4105 munium
530 4059 642 4105 mantum
652 4075 693 4106 ne-
744 4060 884 4126 Deiphobus
894 4070 1011 4125 gesserat:
1029 4060 1092 4111 Iliad
1103 4064 1140 4112 Μ.
1150 4060 1192 4110 94.
1202 4060 1234 4109 II·

197 4139 253 4179 turs
278 4142 412 4181 muricatis
436 4135 548 4189 εεεείεετε,
573 4142 601 4182 ut
627 4135 695 4181 etium
747 4135 1043 4186 mastalonem.
