2896 4980
194 332 261 406 234
490 336 529 400 P.
552 332 713 400 OVIDII
738 330 950 399 NASONIS

198 512 293 598 Quae
307 514 426 610 juvat,
445 520 488 582 ut
504 532 602 581 nunc
620 517 690 592 est,
706 506 839 580 eadem
855 504 947 579 mihi
965 504 1083 602 gloria
1099 503 1230 578 damno

249 628 300 703 Et
316 627 448 701 melius
465 626 574 699 famae
592 625 706 699 verba
721 622 873 697 dedisse
889 621 996 695 soret.
1140 620 1229 717 [est:

199 744 236 818 N
238 769 294 832 ec,
314 743 416 841 quod
434 744 554 827 abest,
574 742 633 813 hle
658 763 719 811 mc
736 748 862 811 tecum
879 738 1014 811 mirare
1030 734 1214 810 relictam:

249 859 419 933 Moribus
438 869 476 932 et
493 859 577 930 vitae
595 855 755 931 credidit
771 855 834 928 ille
852 878 957 927 meae.

200 976 259 1051 De
276 975 370 1049 facie
388 975 532 1060 metuit,
551 974 637 1046 vitae
655 972 830 1046 confidit:
859 982 898 1044 et
914 970 1019 1043 illum

249 1092 432 1166 Securum
450 1089 629 1188 probitate,
649 1088 767 1161 forma
783 1088 914 1161 timere
931 1084 1034 1158 facit.

198 1205 385 1306 Tempora
402 1230 449 1279 ne
467 1214 622 1303 pereant
639 1204 735 1277 ultro
753 1203 842 1276 data
859 1199 1056 1300 praecipis3
1085 1209 1200 1296 utque

250 1323 439 1421 Simplicis
458 1332 606 1394 utamur
623 1319 890 1393 commoditate
907 1316 987 1389 viri.
1168 1316 1231 1387 176

199 1437 251 1512 Et
265 1439 370 1526 libet,
389 1448 428 1512 et
443 1438 557 1511 timeo
573 1465 581 1525 ;
611 1461 680 1511 nec
699 1438 822 1510 adhuc
840 1442 975 1508 exacta
991 1432 1164 1505 voluntas

249 1552 321 1628 Est
337 1554 428 1628 satis
443 1582 452 1642 ;
482 1555 520 1627 in
537 1554 653 1627 dubio
671 1564 824 1652 pectora
842 1560 968 1624 nostra
984 1548 1127 1621 labant.

200 1668 251 1744 Et
267 1670 321 1741 vir
338 1671 447 1742 abest
463 1670 593 1757 nobis3
623 1679 661 1742 et
677 1680 719 1742 tu
738 1669 817 1740 sine
836 1666 997 1762 conjuge
1010 1662 1175 1751 dormis3

250 1783 372 1881 Inque
389 1784 508 1857 vicem
521 1794 587 1857 tua
603 1808 676 1870 me,
695 1794 734 1857 tc
751 1806 836 1857 mea
853 1781 983 1865 forma,
1003 1778 1127 1877 capit:
1171 1781 1236 1852 180

200 2018 232 2066 Et
251 2015 314 2065 Plin.
335 2016 386 2064 viii.
409 2016 486 2081 Epist.
507 2019 548 2066 25.
567 2017 653 2066 Onerat
674 2028 696 2065 te
746 2014 840 2081 qnando
852 2014 908 2080 quid
919 2011 1239 2079 perpenditurmtexssqus·

197 2099 313 2154 qrsaestnrae
324 2089 451 2154 tuesomo,
462 2108 529 2152 quom
544 2107 571 2138 er
584 2090 695 2154 Bithynia
745 2105 805 2139 mur.
838 2090 927 2137 Bonis.

198 2166 426 2227 eptimemreeen'sti.
460 2164 550 2213 Bonis.
780 2165 834 2211 178.
846 2162 1133 2224 ledeebiopettorsesostra
1142 2156 1237 2221 labest]

234 2238 290 2287 170.
309 2239 402 2287 Dedisse
404 2237 480 2302 suit]
501 2237 570 2286 Feret
580 2238 695 2287 nonnulli.
747 2237 776 2287 ln
787 2241 845 2286 tinio
855 2238 987 2303 scripserat,
994 2234 1019 2282 ni
1029 2234 1109 2291 isllor,
1116 2234 1192 2283 Nasu.
1207 2232 1240 2281 ’Β

200 2312 333 2361 llssnsrns.
366 2312 454 2360 Senem
467 2320 512 2368 cst,
527 2311 696 2376 impedimento
745 2304 1239 2376 biniumlrequenteronsmptumempd

200 2395 244 2444 est,
255 2395 279 2435 et
289 2394 360 2434 nocet
369 2385 427 2433 milri
438 2385 528 2449 glorian
545 2400 600 2449 quse
610 2385 696 2442 obstat,
745 2388 870 2452 scriptores
880 2384 997 2450 antiquos,
1008 2383 1081 2449 culpe
1088 2381 1241 2437 libratim.

201 2476 231 2509 ne
246 2459 322 2509 victus
335 2459 379 2508 tibi
395 2475 479 2507 munus
489 2458 553 2507 dem.
571 2468 596 2507 et
613 2458 697 2507 melius
746 2461 787 2525 qui
798 2478 839 2526 pro
850 2462 915 2515 binio,
924 2456 1240 2522 viciumetslusssplsrum-

200 2535 282 2584 luisset
292 2549 331 2582 me
343 2535 394 2601 jam
409 2533 465 2583 olim
477 2533 569 2582 furtivis
580 2532 698 2582 amoribus
747 2551 793 2600 que
803 2542 938 2582 exararunt.
956 2532 1058 2581 Remed.
1067 2530 1176 2580 Amoris:

200 2616 320 2674 operm
330 2607 410 2665 mine,
420 2617 445 2657 et
452 2607 575 2673 decepisse
585 2623 696 2664 rumores,
783 2609 815 2657 Ut
827 2619 879 2657 taen
886 2610 911 2655 in
921 2610 979 2657 binio
988 2609 1128 2656 distineatur
1136 2606 1213 2653 Aeser.

200 2699 259 2747 quoe
268 2683 299 2732 de
315 2698 369 2731 mea
378 2683 494 2748 pudicitia
509 2681 616 2731 homines
629 2681 697 2730 ‹liffe-
747 2682 849 2730 Videtur
860 2691 939 2730 autem
957 2680 1068 2744 adagium
1084 2679 1130 2727 lsoc
1146 2675 1241 2727 Ovidis·

200 2757 292 2813 rebant,
321 2756 463 2821 fidelemque
496 2754 571 2805 rimm
602 2755 696 2805 lusisse.
747 2772 804 2805 num
815 2756 920 2805 alludere
929 2755 960 2804 ed
968 2752 1243 2803 bivinmllers'ulisl’m·

200 2846 273 2894 qnare
287 2830 352 2894 foret
369 2830 470 2879 retineo.
487 2830 521 2878 ita
537 2832 611 2878 seculo
631 2832 697 2878 uerbo
747 2831 793 2879 dici
805 2839 830 2879 et
846 2830 877 2879 ad
892 2829 982 2878 bivium
997 2827 1161 2893 Pythagorica
1171 2825 1242 2875 lisere

200 2905 265 2951 dare.
299 2904 385 2951 Senec.
394 2904 439 2968 Ep.
450 2905 491 2951 88.
524 2904 697 2952 Bcnnnsnus.
747 2903 820 2953 vitam
835 2904 961 2952 humanam
979 2902 1140 2968 complexum·
1158 2906 1243 2966 quest

205 2976 277 3026 Verbo
305 2979 369 3031 ciere,
401 2976 502 3041 primum
532 2975 629 3041 quidem
662 2986 698 3024 est
747 2978 849 3043 respexit
862 2975 964 3033 Persius,

201 3054 276 3107 verbe,
293 3066 336 3115 pro
354 3052 420 3097 rebus
435 3050 505 3110 dare;
521 3049 639 3114 promissis
654 3049 697 3097 lal·
781 3051 857 3099 Furta
871 3067 927 3112 paro
938 3051 991 3098 belli
1005 3065 1101 3099 eonem
1118 3049 1145 3095 iss
1155 3048 1245 3097 nube

141 3174 158 3201 ι,
201 3123 262 3173 lese:
290 3124 385 3180 deinde,
405 3124 512 3173 universe
531 3125 627 3189 follae,
649 3134 698 3172 tam
811 3126 879 3180 silim,

202 3200 267 3245 rebus
284 3208 308 3245 et
324 3197 400 3252 lactis,
417 3214 489 3261 quam
506 3201 594 3257 verbim
612 3199 698 3248 eximie
784 3198 815 3246 Ut
843 3201 913 3246 biuios
936 3207 1025 3247 amoto
1051 3197 1152 3245 ebidem
1176 3197 1246 3245 nil'm

202 3269 298 3319 latendo
309 3271 401 3319 fellere.
435 3273 548 3320 Lnsnnr.
805 3273 898 3337 ances.

237 3343 293 3390 1⁷4.
312 3343 393 3390 Forma
412 3347 489 3392 timere
495 3346 581 3409 fiscis]
602 3346 700 3395 locutio
750 3346 779 3394 ln
790 3350 857 3395 trim'o
867 3349 1004 3395 connitntees
1014 3344 1109 3402 dicitur,
1120 3344 1163 3409 qni
1173 3345 1244 3393 innes-

204 3416 309 3465 aPoetis
318 3416 504 3479 frequentissime
515 3428 639 3483 usurpata:
653 3421 700 3473 Qui
750 3429 788 3469 tus
798 3432 843 3469 est.
862 3423 910 3470 sid.
921 3421 1028 3476 Suidam,
1038 3419 1084 3470 Ἐν
1093 3420 1181 3486 τριόδῳ
1189 3418 1243 3485 sipi.

204 3492 255 3537 eseli
269 3506 303 3537 me
320 3506 396 3536 rorum
412 3507 504 3538 cernere
522 3494 592 3539 letrrm
608 3493 700 3542 Fecisti.
750 3496 880 3544 Heinsius.
914 3495 975 3543 Mihi
997 3504 1080 3543 contre
1099 3494 1171 3543 libms
1189 3492 1244 3543 nillil

205 3562 274 3626 Virg.
286 3561 330 3610 lib.
341 3562 368 3609 ii.
381 3562 409 3609 In
421 3579 489 3626 prosa
499 3565 623 3622 diceretur,
635 3565 700 3623 lacit,
751 3567 790 3615 hic
809 3568 948 3618 mutandum
964 3568 1067 3617 videtur.
1101 3568 1179 3633 Epist.
1197 3566 1243 3617 xis.

204 3635 332 3687 uttimeat.
364 3636 436 3684 Cror.
755 3643 807 3690 174.

240 3712 295 3760 177.
315 3710 402 3758 Exacto
422 3711 548 3773 scirentne]
568 3711 702 3761 l'uteeneus
785 3718 847 3771 Quid
858 3734 935 3780 sequor
945 3721 969 3765 in
979 3719 1048 3764 dnbio
1057 3726 1098 3764 est.

205 3797 230 3837 et
242 3803 324 3836 omnes
336 3786 385 3833 lere
395 3785 476 3850 scripti
486 3787 595 3847 voluptas.
612 3786 654 3834 sed
666 3805 701 3834 sn·
752 3790 783 3837 Et
791 3790 851 3838 illud
869 3793 952 3837 litium
962 3789 1081 3853 quomodo
1096 3804 1152 3838 cum
1170 3788 1205 3852 τᾷ
1212 3788 1242 3836 le-

207 3860 474 3925 lnntnslegendumjam
482 3860 628 3909 Hubertinus
636 3860 702 3910 vidit.
752 3867 806 3911 horit
818 3864 944 3912 consistere
956 3872 1036 3928 possit,
1046 3879 1093 3912 non
1104 3862 1182 3912 video.
1201 3862 1244 3910 Te·

206 3934 346 3984 memenim
364 3943 388 3982 et
402 3934 511 3983 voluntas
521 3934 619 3983 Helena.¹
630 3935 704 3985 dubia
752 3948 813 3987 rent.
830 3938 906 3986 Andr.
919 3939 936 3985 i.
957 3954 982 3985 v.
997 3938 1023 3984 3.
1043 3938 1107 3985 Deam
1124 3936 1243 3986 ersimssiss

206 4007 472 4064 eret,necsstisa‹ll1uc
483 4008 624 4057 deliberata.
642 4008 702 4057 Gra·
753 4014 820 4060 dubio
829 4022 869 4069 est,
879 4013 959 4075 purello
967 4013 1133 4060 mensulae
1143 4014 1178 4061 eet
1191 4010 1246 4059 stt-e

208 4080 264 4132 tius.
275 4084 334 4131 259.
353 4083 437 4132 Temen
448 4084 494 4132 lec
503 4095 581 4133 ennete
591 4087 704 4132 voluntas.
753 4088 888 4149 impellitur.
906 4085 947 4134 ubi
957 4087 1044 4147 impelli
1053 4084 1126 4144 iden,
1136 4082 1198 4151 quud
1208 4080 1243 4131 ll't

207 4169 262 4205 nem
281 4168 359 4208 erecte
377 4157 470 4223 propria
490 4159 515 4209 in
532 4160 577 4208 bac
598 4174 703 4218 res013
754 4162 837 4210 lubere.
871 4161 958 4209 Busa.
