2896 4980
194 346 260 409 236
484 341 522 406 1³..
546 336 708 404 ovross
732 335 944 402 NASONIS

196 515 255 589 'l'u
273 539 437 613 quoque,
457 514 631 587 dilectam
651 511 802 597 multos,
821 510 946 596 infide,
965 532 1033 608 per
1056 532 1182 595 annos,

249 631 394 705 Diceris
413 631 586 703 OEnonen
604 628 820 701 destituisse
833 637 951 699 tuam.
1164 629 1224 699 196

199 748 280 821 Nec
298 758 423 821 tamen
441 748 522 845 ipse
540 769 673 842 negas3
703 754 742 816 et
759 742 867 815 nobis
885 740 1011 814 omnia
1028 741 1076 814 de
1094 750 1132 814 te
1271 740 1274 746 ’

248 862 436 949 Quaercre,
456 863 488 935 si
504 863 641 946 nescis,
660 859 826 932 maxima
848 880 938 930 cura
955 856 1037 930 fuit.

198 979 307 1053 Adde
324 980 439 1077 quod,
459 977 649 1075 utcupias
667 986 843 1048 constans
861 972 900 1045 in
918 996 1045 1047 amore
1062 996 1223 1057 manere;

248 1094 335 1169 Non
348 1107 469 1193 potes.
485 1093 693 1192 expediunt
701 1094 781 1189 jam
791 1100 858 1162 tua
866 1089 949 1163 vela
960 1088 1144 1189 Phryges.
1161 1096 1227 1163 200

199 1210 300 1283 Dum
313 1211 478 1309 loqueris
496 1234 656 1296 mecum,
676 1209 766 1282 dum
785 1231 860 1279 nox
879 1216 1028 1304 sperata
1047 1218 1202 1305 paratur,

248 1325 322 1410 Qui
340 1325 435 1399 serat
451 1327 489 1399 in
508 1326 679 1424 patriam,
695 1327 774 1422 jam
793 1323 862 1398 tibi
879 1332 1012 1396 ventus
1030 1324 1112 1397 erit.

199 1440 383 1514 Cursibus
402 1442 439 1514 in
457 1441 589 1514 mediis
607 1441 781 1513 novitatis
799 1439 911 1537 plena
927 1438 1115 1536 relinques

249 1557 421 1631 Gaudia:
450 1581 536 1631 cum
553 1556 673 1630 ventis
692 1566 819 1627 noster
837 1553 957 1626 abibit
973 1576 1088 1626 amor.

198 1670 258 1743 An
273 1697 421 1769 sequar,
434 1684 476 1746 ut
490 1673 643 1755 suades;
659 1672 887 1767 laudataque
902 1669 1090 1766 Pergama
1101 1669 1227 1757 visam;

250 1787 441 1860 Pronurus
459 1796 498 1861 et
515 1788 640 1884 magni
660 1785 922 1860 Laomedontis
939 1787 1026 1858 erol
1163 1788 1229 1857 200

202 1901 290 1974 Non
308 1903 361 1977 ita
376 1915 575 1977 contemno
593 1904 752 1977 volucris
770 1902 958 2002 praeconia
976 1901 1113 1988 Famae,

251 2016 305 2090 Ut
322 2019 467 2115 probris
486 2030 602 2092 terras
621 2020 774 2117 impleat
791 2019 854 2090 illa
871 2018 976 2090 meis.

201 2132 302 2217 Quid
319 2133 368 2206 de
385 2157 445 2206 me
466 2133 600 2230 Sparte
618 2135 766 2233 poterit,
787 2134 878 2231 quid
896 2133 1041 2206 Achaia
1056 2143 1146 2219 tota,

251 2249 353 2335 Quid
371 2260 501 2347 gentes
520 2252 635 2338 Asiae,
655 2252 747 2351 quid
764 2262 831 2324 tua
847 2249 960 2348 Troja
976 2248 1102 2347 loqui?
1163 2252 1233 2323 210

201 2365 301 2450 Quid
321 2366 494 2439 Priamus
512 2366 559 2439 de
578 2390 651 2454 me,
671 2367 810 2440 Priami
830 2366 921 2464 quid
940 2364 1077 2438 sentiet
1093 2387 1200 2451 ux0r3

249 2480 398 2580 Totque
415 2483 470 2556 tui
490 2484 634 2569 fratres,
655 2482 966 2578 Dardanidesque
984 2480 1123 2554 nurusl

200 2822 313 2872 Francius
329 2824 408 2889 legere
426 2824 537 2874 malebat.
569 2826 608 2874 Sic
620 2827 697 2891 Epist.
745 2827 844 2891 juvenes
860 2834 1004 2874 naturaease
1017 2840 1098 2875 omnen
1107 2825 1236 2874 incenatum

201 2895 270 2957 iii.5;
287 2908 312 2946 et
328 2915 353 2946 v.
368 2900 392 2946 4.
410 2899 477 2947 Idem
494 2900 613 2955 Francius,
627 2903 697 2963 erpli·
749 2910 792 2949 tes.
825 2901 897 2948 Cror.

201 2973 253 3023 citis
262 2975 316 3019 xoris
328 2972 480 3038 conjiciebat.
514 2975 602 3022 Burrrx.
781 2976 839 3022 207.
859 2975 961 3022 l'olucris
969 2974 1065 3039 summ]
1084 2972 1141 3022 Vid.
1152 2973 1183 3023 nd
1195 2974 1236 3023 Pe·

235 3047 291 3094 196.
304 3047 404 3096 (Enoneu
414 3050 534 3097 deseruisse
545 3049 627 3112 turum]
640 3050 696 3097 Det-
748 3056 810 3095 tmn.
821 3063 876 3112 cap.
888 3048 986 3096 cxxxiii.

201 3122 287 3167 titulun
296 3120 405 3168 meliores
415 3121 478 3170 libri.
511 3123 617 3170 OEuoue:
781 3125 839 3171 209.
852 3124 913 3175 Quid
923 3124 950 3169 de
959 3140 993 3169 me
1001 3124 1083 3183 poterit
1095 3121 1175 3184 loqui]
1187 3120 1237 3169 Elle-

235 3192 305 3239 Num
324 3196 365 3240 tibi
385 3198 529 3252 concernunt,
548 3213 595 3258 quc·
617 3208 639 3244 te
658 3212 699 3258 per
749 3213 808 3260 gans
821 3196 864 3245 hoc
876 3195 986 3259 loquendi
1003 3211 1085 3258 genus,
1095 3211 1137 3260 pro
1147 3198 1200 3258 quid
1210 3196 1238 3242 1ο-

264 3275 475 3329 opertnuqrmntur·
749 3281 840 3334 quetur,
862 3269 988 3318 illustravit
1008 3269 1074 3318 Guil.
1095 3270 1194 3318 Canter.
1213 3268 1237 3317 ii.

235 3338 343 3398 AEquurm
360 3340 468 3403 legitimos
483 3344 650 3405 destituuntque
666 3345 698 3390 ui-
750 3347 812 3393 It'ov.
829 3347 894 3393 lect.
911 3360 965 3408 cap.
986 3345 1010 3392 2.
1028 3352 1055 3392 ut
1071 3353 1134 3393 recte
1155 3343 1239 3393 noterit

267 3427 312 3458 ros.
576 3417 665 3465 llerus.
750 3419 919 3466 llersmannus.
941 3416 995 3464 vide
1017 3425 1041 3464 et
1061 3417 1143 3465 Gilan.
1168 3416 1239 3465 lodic.

238 3485 293 3532 190.
320 3485 447 3547 Οιιανενε.]
467 3487 511 3536 Pro
529 3489 654 3551 inquirere,
673 3500 699 3537 ut
749 3493 845 3540 Lucret.
864 3491 888 3538 in
905 3508 991 3552 funum
1008 3501 1102 3539 terrere.
1118 3502 1143 3540 et
1159 3488 1238 3541 nosnd

203 3558 279 3607 solent
297 3571 413 3607 amantes.
432 3560 526 3609 Petron.
548 3564 603 3609 127.
622 3564 699 3626 Neque
750 3565 844 3613 Plraedr.
860 3566 877 3612 i.
893 3567 930 3613 15.
947 3566 1002 3613 Non
1018 3565 1081 3612 mnle
1099 3565 1178 3622 etiem,
1189 3566 1239 3629 quid

203 3636 262 3681 enirn
273 3651 307 3681 me
317 3637 393 3697 piguit
404 3652 511 3696 qrrurere.
528 3637 623 3684 Terent.
635 3638 698 3686 Eun.
749 3643 777 3688 dc
785 3639 1018 3701 mepotcruntSpurtu
1026 3640 1141 3688 Bemens.
1158 3641 1239 3689 Bunrr.

203 3708 219 3757 i.
229 3710 255 3756 2.
274 3708 352 3755 Nihil:
364 3727 416 3756 nom
426 3713 524 3771 quasin.
536 3712 590 3758 inlr.
603 3710 629 3759 ii.
641 3711 698 3759 Am.
783 3716 840 3762 211.
855 3715 943 3761 Priami
952 3716 1006 3777 quid
1013 3716 1093 3762 sentiet
1101 3715 1177 3777 uren]
1189 3714 1238 3761 Sen-

204 3781 235 3830 xi.
245 3784 287 3830 22.
299 3791 326 3830 ut
339 3782 474 3831 Puteeneus
484 3784 570 3832 codex:
584 3786 699 3838 Qucreuti
752 3790 795 3836 tint
805 3788 892 3837 rectius
901 3805 942 3836 sex
952 3786 1017 3836 libri.
1038 3787 1072 3835 At
1082 3788 1239 3837 Mentelinnun
1254 3788 1260 3799 ’

205 3858 271 3904 uultu
281 3859 460 3918 prruellunocct.
470 3866 494 3905 et
506 3858 582 3923 Epist.
595 3862 699 3908 xx.219.
750 3879 804 3911 cum
824 3863 940 3928 excerptis
956 3864 1056 3918 Douzae,
1073 3874 1169 3912 renent.
1190 3860 1238 3911 vide

204 3930 533 3980 ubimalcmutatlleinsius.
567 3933 656 3982 Brun.
750 3938 929 4002 Epist.v.vcrs.
941 3940 982 3986 95.
1018 3938 1106 3985 Herus.

239 4006 293 4053 199.
312 4007 375 4054 Adde
390 4009 456 4069 quod,
469 4017 492 4054 ut
509 4010 587 4069 cupias
598 4020 700 4057 eunucus
781 4014 839 4059 212.
859 4013 1026 4074 llurdmrurquc
1038 4012 1134 4074 virerum]
1153 4010 1237 4057 Dnrdu-

204 4081 228 4123 r'n
245 4096 435 4138 umoremmrere5
455 4082 506 4129 Nou
519 4083 600 4145 poten]
623 4084 700 4131 Docet
751 4089 854 4150 nidosque
865 4086 981 4135 meliores.
1015 4085 1103 4135 llerus.

204 4150 344 4202 Aristoteles
359 4154 402 4203 lib.
416 4155 443 4204 ii.
465 4156 503 4205 De
520 4156 579 4206 Arte
596 4156 699 4213 dicendi,
