2896 4980
78 338 81 343 ·
194 300 263 370 376
491 305 530 369 Ρ.
555 303 716 370 ovlnn
740 289 959 369 NASONIS

198 475 355 551 Femina
371 477 559 553 silvestres
579 477 776 575 Lapithas;
804 476 1063 575 populumque
1086 471 1240 547 blmem·

248 591 422 691 Turpiter
440 594 612 692 adposito
628 593 740 667 vertit
756 593 795 666 in
812 616 917 666 arma
932 614 1050 664 mero.
1122 590 1239 686 [brem

199 703 355 781 Femina
371 707 552 805 Trojanos
570 709 705 782 iterum
723 706 803 782 fera
818 708 919 781 bella
935 729 1088 780 movere
1194 707 1236 776 21

248 821 404 920 Impulit
421 824 459 896 in
476 847 604 919 regne,
619 825 722 920 juste
742 822 886 909 Latine,
905 833 984 896 tuo.

199 935 354 1011 Femina
367 938 561 1025 Romanis,
577 939 690 1012 etiam
708 962 807 1011 nune
827 936 933 1011 Urbe
950 935 1108 1022 recenti,

248 1053 410 1128 Immisit
427 1078 589 1140 soceros,
609 1076 789 1149 armaque
807 1076 909 1125 sava
923 1052 1044 1126 dedit.

197 1166 284 1243 Vidi
303 1193 374 1265 ego
390 1194 458 1269 pro
475 1171 583 1243 nivet
599 1182 812 1268 pugnantes
829 1171 992 1267 conjuge
1008 1179 1160 1242 tauros:
1193 1166 1240 1238 25

249 1283 465 1383 Spectatrix
483 1285 626 1358 animos
644 1285 728 1383 ipsa
738 1286 903 1382 juvenca
918 1285 1048 1358 dabat.

198 1397 265 1475 Me
279 1424 432 1499 quoque
447 1425 534 1475 cum
553 1402 693 1487 multis,
704 1401 772 1474 sed
790 1424 851 1475 me
864 1401 945 1474 sine
958 1399 1077 1485 eade,
1092 1394 1238 1494 Cupido

249 1515 371 1591 Jussit
387 1518 529 1592 militie
547 1519 655 1615 signa
671 1541 822 1592 movere
838 1540 931 1590 suae.

535 2013 761 2089 ELEGIA
788 2012 904 2088 XIII.

198 2213 300 2288 Dum
318 2213 520 2287 labefactat
537 2235 631 2287 onus
649 2213 791 2311 gravidi
808 2212 1006 2288 temeraria
1021 2214 1175 2301 ventris,

248 2330 294 2403 In
311 2328 426 2403 dubio
443 2330 530 2403 vitoe
547 2330 649 2404 lassa
667 2331 834 2405 Corinna
845 2332 961 2426 jacet.

198 2445 270 2520 Illa
285 2446 452 2544 quidem,
472 2448 569 2521 elam
587 2472 647 2521 me
664 2457 811 2522 tantum
826 2446 954 2518 molita
971 2444 1117 2544 pericli,

248 2563 311 2636 Ira
330 2564 445 2660 digna
461 2564 566 2638 med:
595 2565 662 2637 sed
680 2564 782 2638 cadit
798 2565 854 2636 ira
870 2572 986 2634 metu.

200 2678 277 2751 Sed
296 2690 421 2753 tamen
440 2691 505 2753 aut
521 2704 569 2754 ex
588 2706 648 2755 me
666 2689 913 2779 conceperat;
942 2688 1008 2753 aut
1023 2702 1097 2776 ego
1115 2677 1232 2754 credo.

250 2792 320 2868 Est
336 2796 427 2868 mihi
444 2819 512 2894 pro
529 2794 628 2869 facto
646 2821 761 2894 saepe,
780 2794 886 2893 quod
900 2818 985 2868 esse
1003 2803 1142 2892 potest.
1212 2797 1233 2867 6

198 3106 238 3138 nee
257 3090 310 3138 belli
326 3100 358 3138 est
376 3107 434 3138 nova
450 3108 507 3140 eura
525 3094 577 3149 mei,
591 3092 633 3142 red
652 3107 698 3155 ego
746 3090 810 3139 tinus
825 3099 936 3154 sequuta.
957 3089 1047 3139 Αιιι.
1066 3088 1116 3138 Sed
1129 3088 1183 3138 ride
1199 3102 1236 3137 aa·

197 3171 322 3226 utramque
332 3180 402 3213 sensu
412 3180 492 3215 carere
500 3174 567 3231 puto.
578 3165 698 3231 praecessit
747 3181 793 3213 non
818 3165 946 3230 'I'arpei'am
972 3179 1021 3229 pro
1045 3164 1138 3213 oeten!
1162 3163 1237 3214 isaael

197 3237 268 3285 etiam
279 3236 357 3292 modo,
373 3255 444 3285 eura:
461 3254 534 3303 qnare
549 3240 696 3305 putolegen-
746 3241 826 3304 poeta.

197 3309 255 3358 dum
276 3309 423 3374 transpositis
443 3313 548 3368 vocibus,
574 3315 621 3362 Nee
643 3316 697 3362 belli
961 3337 1027 3348 -

197 3399 246 3430 mea
261 3398 340 3429 canna
356 3386 416 3430 novi.
449 3384 502 3433 Nec
519 3387 607 3450 puella,
626 3403 641 3434 a
659 3403 696 3436 me
778 3389 805 3434 2.
823 3386 893 3434 Lam
905 3383 1027 3447 Comum]
1039 3381 1236 3445 hunum&-

196 3456 269 3511 vieta,
280 3453 373 3503 etmihi
384 3455 474 3512 dedita,
485 3458 529 3506 erit
544 3475 629 3508 caussa
643 3461 696 3509 novi
746 3459 809 3523 gius,
818 3458 882 3524 quod
901 3458 1001 3524 probare
1015 3464 1110 3521 poterat
1122 3454 1235 3506 Fraudu-

196 3529 263 3586 belli,
292 3537 319 3578 nt
345 3527 438 3578 Helene
464 3539 488 3578 et
512 3532 564 3580 alia
592 3534 695 3583 luerunt.
745 3533 967 3596 sedlosmdeagra
977 3539 1041 3580 reete
1051 3530 1235 3581 dicitnr.Buu.

197 3604 287 3653 Buris.
778 3609 804 3656 ³.
823 3605 935 3669 cuma]
954 3603 1070 3654 Maudore
1088 3603 1124 3653 eie
1141 3603 1235 3668 legion:

232 3679 272 3728 19.
290 3677 393 3733 femina,
404 3677 461 3741 δια]
481 3678 649 3744 Hippodamia,
665 3681 696 3730 de
745 3697 804 3730 sana
818 3681 882 3730 enim
898 3679 969 3729 lectio
987 3686 1012 3727 et
1027 3686 1122 3727 vetusta
1136 3684 1180 3734 est,
1193 3675 1236 3725 11⁸

198 3768 246 3817 qna
267 3751 322 3800 vide
339 3750 498 3816 Metamorph.
515 3752 559 3802 lib.
579 3753 622 3801 xii.
640 3756 697 3804 224.
746 3757 835 3817 quidem
855 3756 914 3803 class
929 3770 977 3802 me:
1001 3750 1027 3800 id
1045 3759 1090 3809 est,
1104 3767 1143 3801 rae
1158 3749 1234 3799 mde-

197 3827 288 3876 Arua.
747 3827 924 3877 Corinnaeuim
935 3827 979 3875 hoe
989 3840 1058 3875 mam
1068 3823 1235 3874 confilium·

229 3903 271 3950 21.
298 3901 393 3950 Femina
409 3899 525 3963 Trojanos,
542 3900 599 3964 dre]
625 3901 696 3952 Lavi·
746 3900 836 3950 laverat
857 3903 991 3951 Nasonem:
1012 3898 1076 3948 uude
1094 3896 1153 3948 dicit
1170 3909 1235 3951 wo

197 3973 245 4031 nia,
256 3975 335 4025 latini
345 3975 408 4039 regis
416 3975 474 4023 filia.
506 3975 596 4024 Arina.
746 3976 907 4040 eamdignam
918 3972 1047 4031 furaremur
1060 3975 1235 4023 armet

230 4049 272 4097 2³.
292 4050 386 4098 Femina
406 4050 523 4105 Romanis,
543 4050 601 4113 tro]
626 4048 697 4097 Bella
745 4049 893 4099 irasceretur.
927 4051 1041 4098 Marsus.

195 4119 307 4189 intelligit
317 4140 371 4189 qna
381 4123 521 4175 Sabinarum
537 4133 630 4191 raptum
640 4139 693 4189 pm.
