2896 4980
352 304 576 372 AMORUM.
624 306 714 373 LIB.
738 308 767 373 1.
789 308 821 373 8.
1041 310 1106 379 821

61 480 209 567 Formo,
228 482 298 554 nisi
318 480 506 566 admittas,
526 480 628 554 nullo
646 464 849 557 eirercente
867 485 1051 559 senescit:

112 592 195 673 Neo
213 598 304 673 sutis
322 597 478 671 effectos
497 622 594 669 unus
611 609 651 671 et
667 599 762 672 ulter
778 600 931 674 hubent.

60 714 209 789 Certior
225 738 247 788 e
264 715 405 799 multis,
424 737 494 788 neo
512 725 590 788 tum
608 715 790 789 invidiosa
807 716 939 815 rapina
957 726 1027 791 est.
1056 720 1104 793 55

110 828 230 904 Plena
246 832 349 905 venit
364 831 468 905 canis
486 832 534 905 de
552 855 666 929 grege
683 833 812 931 praeda
828 832 940 931 lupis.

62 945 175 1032 Ecce,
191 948 284 1044 quid
302 947 373 1020 iste
390 957 478 1020 tuus
496 957 632 1044 praeter
649 970 746 1020 nova
762 949 928 1022 earmina
944 958 1048 1024 vates

112 1061 263 1136 Donat?
291 1063 467 1136 amatoris
485 1063 603 1135 millia
618 1063 736 1137 multa
752 1065 869 1160 leges.

63 1176 152 1276 Ipse
171 1178 276 1251 Deus
294 1188 434 1263 vatum,
453 1176 555 1275 pallo
574 1179 793 1275 spectabilis
812 1181 938 1267 aurei,

111 1292 266 1367 Tractat
281 1295 460 1368 inauratae
478 1317 643 1368 consona
659 1293 722 1367 fila
738 1295 843 1393 lyrae.

64 1406 136 1491 Qui
154 1409 275 1494 dubit,
293 1410 355 1483 ille
373 1409 441 1481 tibi
459 1432 595 1505 magno
613 1409 662 1481 sit
679 1411 797 1506 major
815 1408 993 1484 Homero.

113 1524 239 1598 Crede
257 1525 369 1612 mihi;
398 1548 457 1597 res
476 1534 534 1596 est
551 1524 755 1619 ingeniosa,
774 1525 876 1598 dare.

66 1639 147 1713 Neo
165 1651 219 1725 tu,
240 1641 271 1711 si
290 1640 375 1736 quis
393 1639 463 1712 erit
480 1638 614 1735 eapitis
631 1640 805 1712 mercede
824 1639 1026 1725 redemtus,

115 1754 293 1853 Despiee,
313 1756 462 1853 gypsati
481 1755 622 1828 crimen
640 1755 749 1829 inane
769 1756 889 1853 pedis.

67 1869 147 1943 Neo
165 1880 204 1943 te
221 1870 412 1969 decipiant
428 1880 573 1945 veteres
592 1872 833 1969 quinquatria
848 1896 958 1945 ceree.

113 1982 221 2058 Tolle
238 1996 323 2059 tuos
340 1994 479 2071 tecum,
498 2009 643 2084 pauper
661 1998 814 2073 amator,
834 2011 937 2060 avos.

1058 1301 1115 1413 60·

1059 1876 1108 1946 65

64 2208 136 2251 ment.
155 2210 275 2259 autumat,
290 2202 355 2266 qnod
369 2203 432 2252 bonu
447 2203 520 2252 vestis
533 2201 564 2253 sit
614 2211 664 2252 turn
675 2204 784 2268 pretium,
797 2205 879 2268 quanti
890 2204 988 2261 valent,
999 2203 1019 2253 si
1030 2203 1113 2253 vendi·

64 2274 288 2341 puelinhsbendo:
305 2275 442 2325 sedeodem
453 2276 563 2341 pertinet,
613 2275 753 2325 tusiuisser.
788 2277 878 2324 Burs.

64 2356 207 2415 ormontem·
224 2348 400 2399 similitudines.
418 2360 445 2400 ut
464 2351 495 2399 sit
510 2367 563 2400 sen·
646 2350 688 2397 64.
707 2349 825 2412 oppon]
836 2349 965 2398 Vensliurn
976 2349 1039 2397 enirn
1049 2357 1114 2399 trans

63 2438 116 2474 sus:
133 2422 207 2482 Quod
225 2423 271 2471 nisi
286 2432 352 2472 veste
373 2425 436 2474 bons
451 2425 533 2482 utnris,
549 2440 565 2473 o
614 2438 678 2471 mare
698 2422 851 2471 advectomm
867 2421 941 2487 pedes
961 2430 1027 2470 creto
1046 2432 1114 2472 notr-
1149 2438 1160 2463 ·=

64 2496 169 2547 tineiset
184 2496 265 2545 mottis
280 2497 429 2547 corrodetur:
450 2498 563 2564 quemad·
614 2498 724 2545 bnntseu
737 2511 819 2560 gypso.
852 2495 917 2543 Plin.
929 2511 1003 2543 xm.
1023 2497 1060 2554 1⁷,
1074 2498 1114 2546 tu.

64 2570 161 2621 modum
177 2586 213 2619 ns
230 2570 346 2633 rubigine,
364 2571 447 2621 domus
461 2571 508 2621 situ
523 2588 564 2636 pe·
614 2569 694 2619 ttbut.
712 2569 747 2617 iii.
770 2567 808 2617 El.
830 2570 853 2618 3.
885 2568 999 2618 Juvenal.
1020 2569 1073 2619 Sst.
1094 2569 1113 2619 i.

64 2653 149 2705 reum
164 2652 204 2693 est
212 2643 276 2692 enirn
288 2643 326 2692 hic
335 2638 412 2693 interi
420 2645 445 2693 in
453 2661 497 2694 usu
505 2660 565 2702 esse,

64 2717 167 2773 moturi,
177 2717 226 2766 dte.
244 2718 341 2765 Mrcrt.

97 2792 139 2841 ⁶⁴.
160 2790 212 2839 Ner
229 2793 285 2839 ustis
306 2790 421 2854 effictus]
448 2790 500 2840 Hoc
519 2801 565 2847 est,

64 2862 135 2931 putrui
145 2863 221 2929 rliqui
233 2879 281 2911 non
288 2864 409 2913 sufficiunt
420 2864 451 2911 nd
462 2865 506 2913 hoc
517 2866 566 2913 effi-

64 2938 186 2994 ciendum,
202 2936 234 2986 de
258 2938 392 3002 quomodo
412 2936 504 2987 dictum
520 2948 566 2988 est.

65 3020 149 3077 utque
163 3010 265 3077 genitivi
281 3027 351 3060 casus
366 3012 468 3077 effectus,
479 3012 521 3077 qui
537 3014 568 3061 sb

64 3084 245 3135 adverbiorum
255 3083 378 3149 dependit.
394 3100 443 3133 non
453 3085 568 3134 accusati·

66 3156 295 3215 mutromniavit
304 3156 428 3223 interpres.
457 3159 552 3207 Μιειι.

97 3232 140 3281 68.
161 3232 278 3280 Amatoris
296 3232 371 3279 miliia
392 3233 464 3279 multu
485 3233 566 3296 leges]

63 3302 122 3354 Non
137 3303 209 3371 cupio
219 3319 317 3353 sensum
335 3304 418 3353 horum
436 3306 567 3354 verborum.
597 3327 599 3331 ·

616 2643 751 2691 Berones.
1086 2668 1093 2681 ·

648 2716 690 2765 65.
711 2715 796 2764 Veteris
806 2717 954 2778 quinquatria
968 2714 1047 2779 εστι]
1076 2715 1117 2765 Iu

617 2788 712 2853 quidem
730 2788 755 2836 in
769 2788 878 2837 omnibus
892 2787 1042 2844 editionibus,
1060 2804 1115 2853 qun

616 2870 707 2919 exunt,
734 2861 832 2925 legitur:
861 2876 889 2909 uc
915 2875 998 2909 sensus
1018 2861 1116 2925 quidem

617 2935 702 3001 planus
712 2944 757 2984 est.
791 2935 815 2981 N
817 2948 845 2982 ec
855 2942 888 2990 te,
895 2932 984 2998 iuquit,
992 2933 1116 2999 decipiunt

618 3008 717 3065 nobiles,
739 3007 780 3072 qui
798 3017 889 3056 veteres
909 3021 985 3062 cerus,
1004 3007 1049 3056 hoc
1068 3015 1115 3066 ost,

618 3084 732 3149 majorum
751 3081 866 3145 imagines
885 3089 1004 3130 ostentant
1024 3089 1049 3129 nt
1064 3081 1118 3147 joc-

617 3157 735 3213 tunt,&c.
768 3154 1118 3220 ldenimhooloooceraesig·

619 3230 724 3279 nitiount.
763 3229 875 3278 Ceterum
902 3244 949 3292 quo
971 3236 1049 3292 puoto,
1076 3237 1118 3279 ant

619 3304 682 3353 unde
693 3304 791 3353 verbum
798 3303 954 3366 Quinquatria
961 3303 1009 3352 huc
1019 3303 1118 3368 irrepse-

63 3394 122 3429 mr
132 3378 220 3431 durum
237 3383 440 3434 essencarmtuum
455 3380 570 3428 subintel·

62 3452 149 3519 ligere,
157 3462 188 3503 nt
198 3452 293 3501 Murius
303 3452 368 3502 iacit.
385 3453 405 3502 si
418 3453 510 3511 liceret,
520 3454 570 3503 vel·
604 3516 608 3522 ¹

64 3526 115 3577 lern
125 3528 258 3591 inungere:
621 3527 682 3576 fests
699 3527 815 3576 Minerva
831 3526 951 3583 dicuntur,
970 3541 1024 3591 quos
1039 3542 1116 3576 mense

99 3604 219 3653 mm
229 3602 304 3649 mittin
314 3603 486 3668 muttofernnt.
621 3600 710 3649 Martio
716 3600 867 3666 perquiuque
875 3597 926 3648 dies
931 3599 1112 3649 celebrabantur

63 3674 134 3735 Qnid
142 3690 229 3743 quaiso
239 3673 284 3722 iste
291 3683 347 3724 tuus
354 3686 421 3724 vates
430 3674 502 3723 donat
512 3690 571 3740 pru·
621 3674 659 3723 Ac
670 3684 725 3723 sunt
734 3673 776 3738 qui
786 3682 878 3738 putent,
887 3673 1064 3721 ostentationem
1076 3672 1108 3719 ali

65 3756 106 3799 ter
113 3748 238 3799 carminat
255 3746 298 3797 ted
308 3747 366 3812 quid
376 3748 432 3797 inde
440 3748 483 3796 tibi
494 3748 571 3796 luerit
623 3764 703 3813 quom,
715 3756 757 3796 sut
766 3763 876 3812 pompam
892 3745 1028 3808 imaginum,
1040 3745 1065 3791 in
1076 3744 1113 3792 hot

61 3824 195 3872 Antores
224 3837 272 3869 non
293 3820 370 3870 terant
395 3821 510 3878 earmina,
531 3822 573 3871 sed
624 3822 683 3870 festo
696 3816 746 3869 tier'i
757 3820 849 3868 solitam
866 3817 949 3866 tuisse:
967 3826 991 3864 et
1009 3816 1062 3864 ideo
1078 3831 1118 3880 per

64 3894 236 3945 nunnitus
245 3909 404 3957 nummorum.
424 3896 514 3944 Burrus.
568 3926 571 3935 ·
623 3895 777 3960 Metulepsin,
796 3893 849 3940 testi
870 3906 964 3946 nomen,
982 3905 1024 3954 pro
1043 3889 1121 3947 rebus,

101 3968 144 4019 tt.
179 3968 273 4031 captus
298 3970 420 4032 moerin]
457 3968 575 4033 Intelligit
625 3985 678 4033 qun
695 3968 720 4016 in
743 3967 793 4031 ipso
814 3964 1001 4019 celebrabuntur,
1019 3962 1121 4028 positum

61 4056 170 4102 muns,
178 4042 223 4109 qni
234 4040 285 4092 suis
295 4042 468 4093 nunnnissoin
479 4044 573 4092 liberta·
625 4056 685 4089 esse.
727 4039 774 4086 Sed
793 4038 845 4085 haec
868 4034 1009 4086 auctoritate
1029 4044 1121 4085 errent.

63 4120 119 4169 utu
129 4114 271 4173 vindicavit,
281 4124 307 4165 et
322 4116 427 4167 Domino
437 4116 508 4166 solvit
523 4126 575 4165 tun·
626 4114 725 4173 Quodsi
736 4111 795 4161 mihi
805 4110 911 4160 divinare
920 4109 1001 4169 licut,
1011 4108 1124 4175 legerim:

619 3379 659 3435 rit,
672 3386 714 3428 aut
725 3377 784 3443 quid
798 3377 862 3426 idem
873 3376 917 3425 hoc
930 3376 983 3425 loeo
993 3376 1118 3441 significet,

621 3453 721 3518 quastio
731 3461 776 3501 est.
809 3453 873 3501 Num
883 3451 943 3500 nlius
955 3452 1117 3515 Quinquatria,
