2896 4980
437 366 440 372 ,
474 264 732 362 unnoinns.
757 298 826 362 nr.
851 299 973 365 xvu.
1178 304 1244 372 aar

204 467 260 543 Tu
277 492 444 568 quoque,
463 472 529 567 qul
546 471 685 568 poteris
702 472 772 544 tibi
789 496 849 546 me
866 497 1017 572 sperare
1034 475 1196 567 fidelem,

253 582 305 658 Et
322 610 397 659 non
415 586 598 684 exemplis
615 588 750 661 anxius
768 612 852 662 esse
870 590 970 664 tuis?

206 699 443 799 Quicumque
462 699 598 774 Iliacos
616 702 806 777 intraverit
823 705 966 779 advena
983 717 1124 804 portus,
1168 715 1242 785 215

253 816 293 890 Is
310 817 381 892 tibi
399 817 548 891 solliciti
565 842 699 892 caussa
716 820 858 893 timoris
877 823 958 895 erit.

205 932 291 1033 Ipse
309 934 401 1008 mihi
420 935 569 1032 quoties
587 937 715 1022 iratus,
735 936 929 1024 Adultera,
948 938 1075 1012 dices!

252 1049 406 1125 Oblitus
425 1061 552 1124 nostro
569 1052 710 1125 crimen
727 1052 850 1125 inesse
868 1063 985 1126 tuum.

204 1163 342 1240 Delicti
359 1166 429 1241 fies
447 1166 547 1240 idem
565 1167 809 1266 reprehensor
826 1178 865 1240 et
882 1179 1023 1242 auctor.

250 1281 379 1371 Terra,
398 1308 542 1382 precor,
560 1284 684 1358 vultus
702 1285 836 1358 obruat
853 1294 939 1358 ante
957 1309 1073 1358 meos.
1168 1291 1243 1359 220

201 1395 253 1472 At
267 1397 369 1473 fruar
388 1398 514 1473 Iliacis
532 1399 666 1498 opibus
685 1401 865 1498 cultuque
883 1401 1015 1475 beato:
1323 1406 1326 1410 “

252 1512 440 1613 Donaque
457 1515 651 1614 promissis
670 1516 841 1589 uberiora
857 1514 985 1589 feram.

201 1629 375 1732 Purpura
390 1657 527 1731 nempe
544 1632 635 1706 mihi
653 1633 893 1731 pretiosaque
910 1642 1016 1706 texta
1032 1633 1240 1709 dabuntur:

250 1747 519 1847 Congestoque
538 1750 617 1824 auri
635 1750 800 1848 pondere
818 1748 922 1822 dives
939 1772 1015 1822 ero.

202 1861 263 1938 Da
276 1865 428 1940 veniam
446 1864 572 1954 fassae3
593 1891 667 1940 non
685 1877 772 1940 sunt
788 1876 854 1940 tua
870 1889 1027 1940 munera
1042 1865 1148 1940 tanti.
1168 1870 1242 1940 225

249 1978 392 2055 Nescio
411 2005 486 2078 quo
499 1980 611 2054 tellus
629 2006 689 2056 me
707 1992 810 2056 tenet
827 1983 900 2056 ista
915 1981 1041 2055 modo.

200 2093 294 2179 Quis
312 2095 418 2182 mihi,
437 2097 467 2169 si
487 2096 613 2184 laedar,
633 2096 810 2195 Phrygiis
828 2107 1022 2172 succurrat
1038 2097 1076 2170 in
1094 2097 1194 2171 orisl

249 2209 364 2286 Unde
382 2221 508 2310 petam
527 2211 662 2299 fratris,
681 2213 781 2287 unde
798 2213 962 2312 parentis
979 2212 1117 2311 opeml

201 2325 339 2402 Omnia
357 2326 508 2402 Medeae
527 2327 640 2401 fallax
658 2328 827 2426 promisit
844 2328 980 2416 I'aison3

248 2440 367 2518 Pulsa
384 2454 444 2519 est
461 2443 616 2518 AEsonia
635 2469 725 2518 num
743 2445 865 2518 minus
883 2445 946 2518 illa
962 2443 1100 2517 domo?
1166 2446 1241 2517 230

199 2555 287 2632 Non
304 2570 386 2634 erat
403 2559 543 2646 AEetes
561 2560 608 2633 ad
626 2584 740 2658 quern
758 2560 938 2657 despecta
955 2559 1112 2633 rediret:

247 2672 284 2748 N
287 2699 337 2750 on
356 2674 469 2774 Ipsea
486 2699 635 2774 parem,
656 2676 939 2774 Chalciopeque
957 2699 1071 2748 soror.

229 2873 287 2923 224.
316 2873 468 2940 Congestoque
495 2877 549 2922 auri
574 2876 694 2939 pondera]
746 2873 809 2939 quod
820 2873 876 2922 alibi
888 2875 932 2923 hac
945 2871 1085 2938 pentametri
1097 2871 1241 2921 redcaNa·

197 2946 307 3005 war
320 2947 428 3007 codices,
447 2953 554 3014 congesti.
572 2950 643 2998 male.
661 2960 697 2999 est
746 2964 802 2997 sone
813 2949 901 2997 sactum
916 2963 964 2996 non
980 2946 1096 2996 recordor.
1113 2947 1245 2998 Humerus.

197 3019 332 3087 Virgilium
346 3021 458 3071 imitatio.
474 3023 492 3072 i.
509 3024 567 3073 ³59.
590 3022 696 3088 Ignotum
746 3022 804 3071 vid.
822 3021 876 3071 intr.
895 3022 952 3071 256.
984 3020 1086 3069 Dubitat
1104 3019 1184 3070 nullus
1201 3020 1240 3070 cl.

196 3099 385 3163 amittendus
400 3101 496 3147 nauti.
512 3097 554 3147 ubi
564 3101 644 3164 ingens
654 3098 696 3148 alii
746 3097 853 3162 lennep.
871 3096 929 3160 quin
945 3094 1032 3143 Ouidio
1050 3094 1089 3142 bic
1105 3095 1244 3143 obversatus

196 3168 300 3221 mue.
333 3171 425 3220 Buau.
746 3170 871 3220 occurrerit
888 3168 1046 3219 nobilissimus
1059 3168 1158 3218 Homeri
1169 3169 1243 3227 locus,

228 3244 285 3295 Ἀθ.
303 3245 470 3294 Meuaniae
480 3246 564 3309 moda]
585 3245 636 3309 Ipso
647 3246 695 3296 Pu-
747 3243 818 3292 Iliad.
835 3249 862 3293 Γ.
880 3245 938 3293 236.
957 3243 998 3291 ubi
1017 3242 1078 3291 inter
1098 3242 1242 3292 Achivorum

197 3325 304 3378 temon,
322 3318 414 3385 aliique
431 3319 496 3368 band
513 3319 593 3384 pauci.
616 3321 695 3369 Ham·
745 3316 871 3384 principes,
889 3332 948 3382 quoa
970 3325 1037 3366 notat
1059 3324 1083 3365 ct
1104 3325 1243 3366 recensete

196 3408 255 3443 uus.
293 3392 352 3442 Hac
373 3402 436 3441 terra
457 3391 584 3441 dicendum
605 3393 695 3451 suisset,
746 3390 864 3441 moenibus
880 3391 966 3457 Trojre,
980 3391 1063 3440 fratres
1079 3406 1133 3440 suos
1149 3390 1243 3440 Helena

193 3465 275 3531 jndice
284 3465 395 3524 Francia
406 3465 448 3532 qui
456 3465 511 3514 ideo
519 3466 629 3530 legebat:
744 3466 871 3516 desiderat.

227 3538 310 3590 Nescio
319 3556 364 3604 quo
373 3549 439 3588 tm
448 3548 530 3604 tangor
540 3556 615 3587 amore
622 3556 683 3588 mee.
777 3537 839 3589 Δοιὼ
849 3536 869 3587 δ’
880 3539 909 3588 οὐ
917 3537 1024 3604 δύναμαι
1031 3536 1101 3588 ἰδέειν
1109 3537 1243 3603 κοσμήτορι

195 3609 695 3678 Sedbocatcarminasuaproovidianis
808 3614 888 3670 λαῶν,

195 3685 330 3738 obtrudere.
365 3686 414 3736 Ista
435 3694 479 3742 est,
501 3702 572 3752 quarn
594 3695 620 3735 tu
639 3702 694 3735 con·
779 3684 894 3752 Κάστορά
915 3682 937 3733 τ’
957 3684 1108 3750 ἱππόδαμον,
1130 3684 1172 3732 καὶ
1192 3685 1243 3739 πὺξ

196 3759 538 3819 Qetbarbmmdicis.
571 3759 661 3808 Banu.
808 3759 907 3825 ἀγαθὸν
916 3759 1079 3816 Πολυδεύκεα,

206 3860 209 3865 ·
225 3834 284 3885 tw.
304 3833 373 3883 Unde
386 3844 462 3897 petam
469 3834 582 3899 fratria]
601 3834 694 3882 Fratres
778 3833 996 3899 Αὐτοκασιγνὴτω.
1006 3829 1242 3897 τῶμοιμίαγείνατο

195 3906 294 3957 meliora
311 3906 467 3973 exemplaria.
495 3907 595 3956 alterum
616 3916 696 3956 tamen
809 3907 900 3973 μήτηρ.
1120 3902 1209 3950 Aura.

195 3978 310 4040 henim,
319 3981 405 4047 etjam
416 3995 433 4030 a
447 3980 550 4045 Lynceo
560 3980 697 4030 interiectus
778 3982 837 4030 2³1.
850 3978 982 4043 Despecta]
997 3977 1098 4037 Depulra
1109 3974 1241 4023 lovanien-

195 4062 245 4103 mt
253 4050 349 4106 Cantor.
365 4054 408 4103 sed
425 4053 525 4103 offendit
537 4053 626 4103 vocalis
638 4052 695 4101 ulti·
745 4054 785 4101 sis.
805 4050 1001 4116 DejectoMoreti.
1010 4048 1073 4114 quod
1084 4064 1165 4097 verum
1176 4058 1243 4114 puto.

195 4140 258 4179 m
277 4127 402 4194 excipiens
423 4127 540 4191 syllabam
561 4127 585 4175 in
599 4127 696 4191 fratris.
746 4126 780 4175 ita
789 4141 860 4190 supra
871 4127 1028 4175 tentabamus.
1062 4121 1139 4187 Epist.
1151 4139 1176 4170 v.
1188 4123 1229 4170 75.
