2896 4980
1184 362 1248 427 183

484 360 745 429 HEROIDES.
772 361 841 426 ΕΡ.
868 361 950 425 XV.

206 535 287 611 Noe
304 536 408 622 mihi,
427 537 617 635 dispositis
636 560 721 634 quae
736 539 893 632 jungam
911 534 1076 607 carmina
1093 537 1226 621 nerms,

254 654 502 737 Proveniunt;
531 677 658 726 vacuae
676 651 841 724 earmina
858 652 994 724 mentis
1012 675 1119 748 opus,
1152 698 1154 703 -

204 769 240 841 N
243 793 287 843 ec
305 794 365 844 me
383 769 623 867 Pyrrhiades,
645 767 995 864 Methymniadesve
1015 766 1161 863 puellae,
1200 770 1244 840 15

254 884 336 960 Nec
355 910 415 959 me
435 885 662 959 Lesbiadum
680 895 806 957 cetera
822 884 933 955 turba
945 885 1088 979 juvant.

202 1000 297 1073 Vilis
314 1000 527 1086 Anactorie,
546 1001 628 1072 vilis
643 1000 734 1071 mihi
752 999 912 1071 candida
931 998 1092 1095 Cydno:

255 1115 341 1189 Non
359 1116 476 1189 oeulis
495 1128 601 1211 grata
618 1126 677 1189 est
694 1114 832 1200 Atthis,
853 1126 895 1188 ut
912 1126 1011 1200 ante,
1027 1115 1133 1188 meis.

237 1300 275 1348 tt.
293 1298 457 1363 Proveniant]
478 1299 530 1346 Lib.
548 1308 572 1347 et
588 1299 698 1363 Elegiai.
751 1316 809 1359 τησε
821 1298 954 1365 πάρθενος.
987 1297 1074 1346 Suidas
1085 1313 1114 1346 ex
1131 1297 1216 1362 puellis
1233 1314 1247 1346 a

201 1372 273 1421 Trist.
309 1374 417 1421 Carmina
424 1374 562 1435 proueniunt
576 1376 651 1421 animo
661 1377 699 1422 de·
750 1374 846 1439 Sappho
856 1373 972 1423 adunatis
984 1382 1031 1420 tres
1041 1382 1156 1426 recenset.
1166 1373 1247 1422 Atthi-

201 1448 367 1495 duetasereno.
383 1447 455 1494 Cror.
750 1447 813 1503 dem,
840 1447 998 1512 Telesippam,
1024 1447 1156 1510 Megaram,
1182 1447 1248 1496 nulla

233 1518 641 1580 -l'nenaeeurminnmentisopus.]
654 1519 698 1565 Os·
751 1520 863 1584 Gyrinnae
874 1519 993 1568 mentione
1004 1519 1074 1567 saeta.
1108 1519 1201 1567 Erinnoe
1211 1527 1247 1568 ta·

202 1593 278 1642 tendit
288 1609 313 1642 se
327 1592 358 1641 ad
369 1594 495 1657 pangenda
504 1593 609 1641 earmina
620 1601 699 1656 aptam
750 1608 804 1641 men
815 1595 899 1641 minim
911 1609 925 1641 a
936 1593 1032 1640 Nasone
1047 1592 1189 1640 mentionem
1201 1610 1247 1642 non

204 1682 253 1715 non
266 1682 325 1723 use,
337 1683 392 1715 curn
408 1681 437 1714 ea
455 1665 650 1730 tranquillitatem
663 1667 700 1714 vel
750 1666 808 1714 lieri.
826 1667 867 1715 sed
883 1667 958 1714 multa
975 1665 1006 1713 ad
1021 1664 1136 1713 Eretriam
1153 1666 1248 1732 Sappho

202 1738 310 1805 inprimis
320 1741 453 1804 requirant:
471 1740 522 1803 ipsa
532 1750 612 1787 autern
623 1756 701 1789 amore
750 1740 899 1804 pertinentia,
910 1741 939 1788 ad
957 1740 1018 1788 hane
1030 1739 1194 1803 lilityleanam
1211 1757 1246 1789 re-

201 1823 307 1880 correpta
317 1815 363 1863 huc
372 1823 444 1878 atque
454 1813 521 1870 illuc,
529 1813 615 1861 mentis
624 1813 699 1879 inops,
750 1814 866 1864 teruntur.
899 1816 962 1862 Nam
973 1814 1036 1878 quod
1044 1813 1158 1879 Diphilus
1167 1815 1192 1862 in
1201 1814 1248 1863 Co-

202 1888 344 1953 agitabatur.
363 1888 435 1936 Cror.
749 1887 968 1937 moediaaselaeta
975 1886 1144 1935 Archilochum
1155 1896 1179 1936 et
1187 1889 1247 1954 llip·

236 1962 339 2012 lchee
350 1980 385 2010 me
395 1964 543 2026 Pyrrhiades.
555 1963 612 2025 Se]
626 1964 698 2019 Qua·
749 1971 882 2027 ponaetem,
905 1970 1026 2026 tamquam
1050 1970 1166 2010 notatores
1185 1964 1245 2027 Sap·

201 2034 232 2084 rit
248 2036 335 2101 ligant.
353 2037 470 2100 quomodo
489 2052 504 2084 a
520 2037 651 2099 Pyrrham,
670 2051 698 2084 ac
748 2035 810 2100 pluis
826 2036 927 2092 induxit,
944 2053 985 2100 pro
1003 2037 1056 2085 lusu
1071 2035 1160 2099 ingenii
1177 2036 1246 2085 lasei-

168 2103 172 2111 '
203 2109 375 2174 Methymnam,
390 2127 444 2174 quaa
461 2119 516 2158 sunt
536 2109 665 2175 possessiva
685 2126 699 2158 a
749 2109 834 2159 vientis
854 2119 890 2159 est
909 2110 1053 2167 habendum,
1072 2120 1098 2158 ut
1117 2110 1247 2160 Athenaens

205 2184 295 2248 Pyrrha
313 2201 341 2233 ac
358 2186 492 2248 Methymna
509 2184 595 2232 deduci
613 2196 696 2250 potue·
744 2183 947 2247 jamobservavit.
981 2186 1061 2233 hlulto
1076 2184 1246 2233 minasverisi·

201 2256 263 2307 rintt
279 2259 335 2323 Qua
346 2258 435 2307 ratione
446 2260 476 2306 ab
484 2257 577 2322 ἀχοιάς
588 2267 697 2323 patrony-
748 2258 814 2314 mile,
824 2268 927 2307 amatam
942 2258 1037 2323 Sappho
1048 2259 1077 2307 nb
1088 2257 1247 2316 Anacreonte,

201 2330 388 2381 micadueuntur
400 2331 505 2379 feminini
514 2331 615 2395 generis,
625 2331 699 2396 primo
737 2331 789 2394 -qui
817 2332 965 2397 undeviginti
992 2332 1047 2381 totis
1072 2342 1125 2398 post
1152 2333 1246 2397 Sappho

200 2402 293 2468 dymin,
304 2404 390 2453 deinde
400 2403 516 2468 ἀχοῖιάςε
536 2406 696 2468 οπελοσγὸς,
749 2405 899 2471 Olympiadis
909 2407 1006 2455 claruit:
1024 2423 1078 2454 cum
1093 2414 1174 2454 tamen
1184 2406 1246 2455 Her·

201 2478 332 2544 aerhnoylc,
360 2477 506 2543 πελοσγοὶς.
544 2480 607 2527 Nam
635 2489 698 2527 certe
748 2481 869 2530 mesianax
886 2481 911 2529 id
923 2481 1034 2529 traditum
1052 2480 1180 2545 reliquerit.
1213 2480 1247 2529 At

201 2549 259 2599 nihil
269 2552 357 2607 obstat,
368 2569 416 2616 quo
426 2551 503 2600 minus
520 2568 534 2599 a
544 2551 636 2617 πὺρῤα,
645 2552 698 2600 duae
749 2553 779 2601 de
789 2554 871 2603 Aleae
880 2554 988 2619 Sapphus
998 2554 1092 2609 amulo,
1103 2553 1164 2601 inter
1173 2554 1246 2620 scrip-

201 2621 697 2690 tormatuerintpauonymicaefflvppauc,
749 2635 810 2675 tores
836 2630 955 2675 convenit.
984 2627 1025 2675 sed
1052 2643 1106 2674 cum
1133 2627 1246 2675 Erinnam

200 2704 225 2746 et
234 2696 353 2764 adipson
364 2714 408 2746 nec
416 2698 501 2746 mirum
510 2698 528 2746 si
540 2714 554 2746 a
563 2698 697 2762 Μήθυμνα,

200 2778 248 2821 Νη
267 2771 416 2836 Μηθύμνιος
433 2772 458 2819 in
476 2771 608 2828 mutueris,
627 2787 697 2835 quarn

201 2845 374 2911 Μηθυμναῖος,
385 2861 458 2910 quum
473 2843 628 2903 aKo'rltudva,
641 2855 698 2893 teste

183 2917 325 2983 Stephano,
346 2919 372 2967 in
394 2936 460 2974 voce,
484 2919 497 2966 ὁ
520 2919 626 2978 πολίτης
647 2926 694 2968 Ka·

200 2990 318 3051 hndvaioc
334 2994 375 3041 καί
392 2991 546 3051 Καλὺὂιοος;
564 2992 626 3039 unde
647 2999 698 3041 Ka·

200 3064 294 3127 hotivic,
303 3066 462 3126 Καλυδι·ιάς;
473 3077 500 3115 ut
510 3083 525 3114 a
533 3067 697 3130 Methymnius,

202 3140 362 3205 Methymnius,
376 3141 523 3204 Methymnis.
543 3141 654 3188 tamar.

233 3215 273 3264 1⁷.
293 3215 350 3265 Vilis
368 3216 530 3279 Ammathous]
555 3216 609 3263 Vilis
628 3218 697 3279 Ainy-

187 3288 271 3347 ἸΙᾶοιιο,
285 3291 337 3339 vilis
352 3291 407 3337 mihi
426 3291 524 3336 cnrrdidn
537 3290 616 3351 Cydno
631 3289 652 3335 N
657 3306 696 3336 aa·

198 3362 284 3427 genas.
304 3372 329 3412 nt
340 3362 421 3428 prima·
432 3362 547 3411 editiones
558 3379 612 3411 cum
625 3362 698 3427 serip-

199 3434 229 3485 iil
249 3437 402 3502 quibusdam,
429 3437 484 3484 l'itts
505 3438 630 3484 rtmatorie.
657 3436 697 3484 alii

196 3510 335 3577 'disinteria
348 3512 385 3558 rel
398 3513 519 3558 stractoria
547 3511 610 3575 Iege
622 3513 697 3558 Anne-

194 3586 254 3653 ¹ton'e
273 3599 304 3633 ex
328 3583 437 3633 Maximo
462 3585 541 3649 Tyrio.
576 3585 695 3649 Γύριννα,

199 3659 239 3705 sal
262 3657 357 3716 Ἀτθὶς,
384 3661 425 3707 καὶ
445 3657 604 3722 Ἀνακτορίο.
633 3659 695 3722 quod

200 3728 358 3779 Bersmannus
371 3730 421 3796 jam
433 3731 532 3779 monuit.
549 3732 574 3778 in
591 3733 643 3779 loeo
659 3742 695 3779 ta·

198 3817 252 3875 nen
262 3804 435 3870 Maximil'yrii
446 3823 487 3870 pro
496 3806 604 3871 Γύριννα
616 3808 696 3871 opinor

197 3876 347 3927 scribendam
363 3878 481 3943 Ἠριννα.
524 3879 613 3928 Erinna
632 3881 695 3928 enim

198 3959 223 3999 et
236 3966 319 4000 consa
337 3952 453 4017 Sapphus,
470 3963 494 4001 et
511 3954 541 4001 ab
558 3954 600 4002 illa
617 3964 696 4003 amata

197 4040 301 4091 qnoque.
319 4027 354 4075 sic
372 4027 459 4075 Saidas
477 4028 501 4075 in
516 4026 636 4094 Ἠριννα.
654 4030 695 4078 sed

197 4102 369 4171 et'Eustathiua
385 4103 409 4150 in
420 4104 489 4152 iliad.
509 4110 538 4152 ll.
551 4104 581 4153 de
597 4106 693 4160 Erinna,

193 4170 279 4226 'livit
291 4176 378 4241 ἑτοῖμα
396 4179 522 4240 Σαπφοῦς,
544 4179 585 4225 καὶ
603 4178 695 4226 tntil-

749 2701 891 2766 Olympiade
903 2702 950 2749 cvi.
967 2701 1078 2749 clamisse
1088 2701 1205 2750 Eusebius
1221 2702 1246 2749 in

750 2773 872 2823 Chronicis
889 2776 1024 2831 contendat,
1038 2791 1083 2823 non
1100 2775 1177 2840 potuit
1193 2792 1245 2824 eam

749 2847 840 2896 novisse
851 2848 955 2912 Sappho.
973 2849 1017 2895 nisi
1030 2848 1089 2897 duas
1100 2848 1169 2897 tuisse
1178 2850 1246 2898 Erin-

749 2936 790 2968 nas
805 2921 966 2970 concedimus.
1000 2923 1038 2969 De
1057 2923 1108 2987 ejus
1122 2932 1185 2971 certe
1202 2939 1244 2987 pa·

748 2993 793 3042 tria
804 2995 880 3043 varias
890 2994 1011 3058 opiniones
1026 2995 1114 3044 Sni'das
1130 3007 1244 3053 recenset,

748 3083 802 3115 curn
819 3076 898 3116 tamen
907 3069 1005 3116 'leniam
1024 3069 1130 3134 plerique
1149 3070 1245 3126 iaciant,

748 3150 774 3188 ut
789 3150 813 3189 et
827 3141 960 3206 Stephanus
976 3142 1104 3206 Byzantius
1118 3142 1144 3191 in
1154 3143 1244 3204 Τῆνος.

747 3214 860 3263 Tatianus
877 3216 985 3264 Lesbiam
1003 3216 1115 3266 Oratione
1132 3220 1245 3268 adversus

747 3289 852 3337 Graecos.
871 3289 961 3338 Harsa.

783 3363 821 3409 to.
841 3362 893 3409 Non
909 3365 980 3412 ocnh's
992 3375 1062 3429 gratu
1080 3377 1112 3414 sat
1122 3368 1206 3423 Atthis,
1217 3377 1244 3415 ut

747 3445 808 3491 urite,
830 3435 905 3498 areis]
935 3436 963 3484 ln
981 3438 1094 3495 versibus,
1116 3457 1175 3504 quos
1194 3442 1243 3488 lle-

747 3507 845 3573 phastio
857 3527 885 3557 ex
902 3510 1026 3574 Sapphone
1037 3512 1103 3568 citat,
1117 3514 1187 3579 hujus
1197 3514 1242 3562 At-

747 3581 794 3629 this
803 3584 889 3630 mentio
898 3594 935 3631 est
946 3583 981 3631 his
992 3586 1081 3633 verbis:

778 3654 862 3715 Ἀτθὶς
873 3660 909 3705 σοὶ
922 3657 940 3705 d'
952 3658 1036 3722 ἐμέθεν
1046 3662 1092 3723 μὲν
1102 3659 1242 3721 ἀπήχθετο.

1140 3732 1210 3778 Cror.

745 3802 851 3851 ritthidis
862 3805 967 3852 meminit
978 3813 1002 3852 et
1009 3803 1164 3851 'l'ercntianus
1172 3806 1242 3853 ntan-

745 3894 785 3925 rus
795 3879 825 3926 de
836 3877 922 3926 Matris
932 3895 987 3942 pag.
1000 3880 1040 3926 91.

778 3952 891 4000 AEottcam
909 3968 935 3998 es
956 3952 996 3998 ilio
1016 3953 1096 4014 gennit
1117 3951 1241 4002 doctissimo

809 4025 904 4087 Sappho,

780 4105 849 4152 Coreli
860 4105 1027 4168 qrnrmlosnisse
1037 4105 1077 4151 sihi
1088 4107 1152 4151 canit
1164 4107 1240 4154 Atthi-

810 4181 840 4225 do
849 4194 952 4238 pnt'tttm,

794 4258 844 4304 Nl
