2896 4980
469 315 614 385 ARTIS
635 316 907 385 susubium
928 318 1021 386 m.
1045 320 1074 386 1.
1232 325 1298 391 676

185 473 189 480 ’
247 489 411 588 Jamque
424 492 559 567 iterum
574 492 737 567 tundens
748 491 967 568 mollissima
979 503 1137 592 pectora
1145 496 1294 594 palmis,

179 622 193 704 J
298 607 553 683 Perfidusille
570 608 683 683 abiit:
712 607 805 706 quid
821 608 914 682 mihi
929 608 1021 684 fieti
1046 610 1111 685 ait.
1221 616 1295 688 636

249 722 350 808 Quid
364 724 457 798 mihi
473 723 565 799 fiett
590 724 656 800 ait.
684 735 890 799 sonuerunt
906 726 1083 825 cymbala
1097 737 1180 802 tuto

299 837 437 927 Litore,
456 851 496 914 et
512 841 673 915 attonita
690 852 874 940 tympana
889 841 1000 941 pulsa
1015 867 1143 919 manu.

250 953 404 1029 Excidit
420 956 486 1030 illa
501 965 618 1044 metu,
636 957 815 1056 rupitque
832 958 1035 1033 novissima
1050 961 1186 1036 verba:
1229 1022 1235 1033 .

299 1070 436 1145 Nullus
453 1072 492 1146 in
509 1072 675 1146 exanimi
692 1097 849 1173 corpore
866 1074 1020 1172 sanguis
1038 1087 1131 1151 erat.
1221 1081 1297 1152 640

251 1185 352 1263 Ecce
369 1185 649 1264 Mimallonides
667 1189 808 1288 sparsis
826 1190 864 1264 in
881 1200 990 1287 terga
1005 1192 1174 1291 capillis:

300 1302 402 1378 Ecce
419 1303 521 1379 leves
540 1304 680 1403 Satyri,
696 1304 838 1404 praexia
853 1305 965 1378 turba
983 1304 1078 1381 Dei:

250 1418 387 1494 Ebrius
404 1444 494 1495 ecoe
512 1445 630 1496 senex
648 1422 773 1520 pando
792 1421 943 1496 Silenus
961 1422 1078 1496 asello

299 1535 374 1609 Vix
392 1537 519 1626 sedet3
549 1547 588 1611 et
603 1559 753 1635 pressas
770 1537 940 1611 continet
956 1548 1036 1612 arte
1049 1538 1177 1634 jubas.

251 1651 351 1725 Dum
376 1653 548 1751 sequitur
576 1653 762 1741 Bacchas,
789 1653 952 1728 Baeohae
979 1653 1204 1753 fugiuntque
1226 1680 1295 1756 pe·

397 1778 576 1867 tuntque:
1220 1776 1295 1847 646

303 1884 597 1983 Quadrupedem
615 1884 733 1960 ferulh
751 1887 841 1960 dum
859 1887 981 1961 malus
999 1897 1136 1985 urguet
1152 1904 1293 1988 eques3

251 2000 295 2074 ln
312 2011 428 2098 caput
445 2002 565 2075 aurito
583 2003 722 2077 cecidit
738 2004 915 2102 delapsus
934 2004 1063 2077 asello.

301 2117 523 2192 Clamarunt
540 2117 680 2216 Satyri,
702 2118 836 2216 Surge,
856 2140 939 2214 age,
958 2142 1084 2216 surge,
1103 2118 1230 2194 Pater.

248 2230 334 2305 Jam
354 2232 459 2307 Deus
477 2257 499 2306 e
516 2256 640 2318 curru,
660 2257 775 2331 quem
793 2256 981 2308 summum
999 2244 1147 2309 texerat
1163 2236 1257 2322 uvis,

298 2347 472 2445 Tigribus
490 2349 678 2445 adjunctis
696 2372 811 2424 aurea
826 2351 906 2424 lora
921 2349 1050 2424 dabat.
1219 2350 1294 2425 660

131 2493 133 2498 ·
200 2538 202 2543 ,
251 2463 300 2537 Et
316 2465 431 2550 color,
450 2476 489 2538 et
505 2464 688 2553 Theseus,
707 2476 747 2540 et
762 2489 836 2540 vox
854 2465 978 2539 abiere
995 2463 1154 2562 puelloe:

297 2579 447 2678 Terque
464 2579 591 2676 lugam
608 2581 739 2679 petiit:
766 2590 901 2677 terque
917 2588 1066 2653 retenta
1081 2588 1198 2652 metu.

103 2681 113 2764 s
196 2704 199 2709 ’
250 2694 415 2782 Horruit,
434 2705 477 2768 ut
494 2695 652 2781 steriles,
671 2695 790 2792 agitat
806 2718 902 2792 quas
920 2704 1066 2781 ventus,
1086 2694 1232 2769 ariste:

299 2809 353 2884 Ut
370 2809 461 2884 levis
480 2810 518 2883 in
535 2809 686 2884 madidi
701 2831 824 2884 canna
839 2808 979 2908 palude
995 2809 1136 2884 tremit.

279 3071 335 3118 5³9.
353 3069 445 3117 Ereidit
465 3070 510 3117 illu
529 3078 601 3126 mnu,
619 3069 681 3133 dte]
705 3070 745 3118 De
826 3068 885 3120 646.
904 3069 969 3117 Duru
981 3070 1056 3118 molus
1065 3068 1159 3133 negeb]
1180 3067 1243 3116 Male
1258 3084 1293 3117 se-

247 3151 325 3191 mente
339 3142 528 3208 intelligendum.
538 3141 588 3193 vid.
597 3142 629 3192 ad
643 3142 745 3197 Remed.
793 3146 829 3194 dit
840 3141 932 3208 Regius
937 3161 946 3204 ;
962 3144 1032 3200 torte,
1043 3158 1086 3208 pro
1095 3145 1159 3192 sedat
1175 3157 1191 3190 a
1206 3144 1294 3192 mers.

247 3219 303 3267 348.
314 3213 447 3282 sequentia,
454 3220 559 3282 rupitque
570 3220 745 3267 ηουίωίπωυιὲ-
794 3216 902 3266 Venatus
916 3215 980 3265 eninr
999 3231 1012 3264 a
1024 3214 1127 3265 Bacchis
1138 3222 1163 3264 et
1180 3230 1253 3264 senex
1269 3222 1295 3265 et

247 3291 282 3345 ba.
296 3306 426 3339 sermonem
436 3289 593 3355 interruptum
603 3299 694 3340 notent.
794 3289 883 3347 annus,
897 3289 938 3355 qni
956 3288 1034 3339 cauda
1050 3297 1075 3338 et
1085 3288 1152 3358 jubis
1165 3286 1296 3355 prehensus

278 3365 335 3414 5⁴1.
355 3364 413 3413 Ecce
432 3365 602 3413 Mimallonides
621 3368 745 3427 sparsistis
794 3360 1295 3420 emlubmetmulesedabutureffileno.

247 3448 311 3502 tergo
321 3439 435 3503 capillis]
450 3439 602 3496 Mimallones,
613 3453 628 3487 e
638 3454 686 3503 quo
697 3440 745 3489 Mt·
794 3437 875 3486 omnin
892 3435 956 3486 enim
974 3436 1005 3485 de
1022 3435 1088 3494 ludo,
1102 3449 1175 3502 qnetn
1191 3434 1295 3485 meeis

246 3514 405 3570 mollonidesm
413 3512 530 3562 Mimante
539 3511 610 3578 vulgo
619 3512 744 3563 dieusvo-
794 3510 915 3562 iaciebant
923 3511 1012 3569 Silano,
1023 3510 1156 3577 capienda:
1169 3508 1208 3559 vel
1219 3518 1297 3575 urget,

246 3584 311 3635 lunt:
329 3586 392 3652 quod
403 3586 428 3636 in
443 3602 472 3636 eo
481 3594 562 3635 monte
575 3601 642 3636 sacra
653 3587 744 3637 Beeehi
794 3593 832 3633 est
848 3584 960 3652 impellit,
981 3593 1009 3634 ut
1023 3583 1185 3651 progrediatur
1200 3581 1296 3632 tardant

245 3660 365 3710 celebrate
380 3659 475 3710 luerint.
509 3655 595 3710 'sudu
613 3668 703 3718 eutem,
720 3669 746 3712 et
795 3658 892 3716 ammai,
902 3666 928 3707 et
941 3656 1042 3722 effugiat
1056 3656 1182 3707 mulierum
1200 3669 1295 3705 manus.

246 3733 324 3783 Greci
335 3732 386 3791 ulii,
397 3733 452 3785 ἀπὸ
461 3739 508 3796 τῆς
522 3733 646 3799 μιμὴσεως
658 3748 745 3784 nomen
795 3732 886 3782 Burri.

246 3805 289 3856 hoc
299 3807 429 3857 deductum
440 3807 544 3865 trudunt,
553 3822 581 3856 eo
592 3807 655 3872 quod
665 3806 744 3856 toeni-
826 3808 885 3856 664.
903 3805 934 3853 In
945 3805 1060 3867 madida]
1074 3803 1175 3853 Nullum
1185 3800 1297 3862 dubium,

246 3897 282 3929 nn
303 3881 354 3930 istm
380 3881 480 3931 virorum
500 3881 564 3931 iaetu
587 3879 743 3930 imitarentur.
795 3879 854 3944 quin
870 3879 947 3928 omnis
964 3879 1034 3943 palus
1051 3877 1083 3926 eit
1097 3877 1198 3932 madida,
1213 3874 1296 3940 ltaque

244 3955 395 4020 Eandemque
421 3965 492 4005 antea
518 3955 591 4005 etiam
614 3953 745 4014 κλαδῦνας
794 3952 894 4001 otiosum
911 3951 1034 4017 epitheton
1051 3949 1126 3999 videri
1137 3949 1191 4014 jure
1208 3957 1296 4014 potest.

245 4028 322 4076 ‹lictns
337 4030 419 4094 ajunt:
439 4038 496 4094 puta
513 4029 576 4095 quod
594 4045 677 4086 minos,
695 4027 744 4078 sive
794 4022 965 4075 Ambrosianus
992 4034 1016 4073 et
1043 4021 1298 4100 Vossianusffimdin.

245 4100 336 4165 thyrsos
347 4111 475 4166 gestarent.
510 4103 606 4152 ltlrcxn.
796 4100 886 4150 Bona.
