2896 4980
195 293 261 361 828
491 290 530 354 Ρ.
554 287 717 355 OVIDII
740 284 952 353 NASONIS

565 618 792 695 ELEGIA
830 618 880 692 X.

203 812 334 901 Qualis
352 814 400 888 ab
420 810 561 886 Eurota
579 810 756 909 Phrygiis
774 821 907 884 avecta
921 808 1071 893 carinis,

254 930 490 1028 Conjugibus
508 929 596 1003 belli
614 951 750 1001 caussa
765 927 913 1000 duobus
930 935 1032 999 erat:

203 1044 334 1131 Qualis
352 1055 433 1119 erat
451 1044 565 1130 Lede,
585 1068 699 1140 quam
717 1042 854 1141 plumis
872 1040 1023 1116 abditus
1040 1037 1133 1113 albis

254 1162 424 1236 Callidus
442 1161 480 1233 in
497 1161 591 1233 salsa
607 1161 697 1234 lusit
713 1160 859 1233 adulter
876 1181 965 1230 ave:

202 1276 336 1362 Qualis
353 1277 566 1374 Amymone
584 1275 695 1349 siccis
713 1275 861 1349 errabat
875 1274 911 1345 in
930 1270 1056 1367 Argis
1210 1270 1229 1339 5

253 1392 353 1467 Cum
371 1403 558 1491 premeret
575 1393 711 1465 summi
728 1390 877 1464 verticis
895 1412 988 1461 urna
1004 1408 1168 1461 comam:

203 1506 305 1582 Talis
320 1532 423 1596 eras3
453 1508 696 1604 aquilamque
714 1508 751 1580 in
764 1517 802 1580 te
817 1517 1041 1601 taurumque
1053 1501 1230 1585 timebam,

254 1622 305 1695 Et
322 1623 507 1720 quidquid
526 1646 661 1717 magno
679 1623 727 1696 de
744 1620 839 1695 Jove
854 1620 944 1693 fecit
960 1620 1090 1691 Amor.

204 1738 240 1810 N
243 1762 316 1811 unc
334 1737 445 1810 timor
462 1737 582 1811 omnis
600 1738 720 1823 abest,
740 1737 931 1834 animique
950 1733 1116 1809 resanuit
1130 1752 1231 1806 error.

255 1851 338 1925 Nec
356 1852 470 1926 facies
488 1854 616 1927 oculos
630 1855 711 1950 jam
729 1852 831 1949 capit
848 1852 921 1925 ista
936 1874 1055 1925 meos.
1196 1849 1234 1919 10

206 1967 285 2040 Cur
303 1968 373 2040 sim
391 1980 569 2056 mutatus,
590 1969 752 2066 quaerisl
779 1968 870 2065 quia
885 1990 1042 2041 munera
1058 1962 1192 2064 poscis.

255 2078 350 2154 Haec
368 2093 406 2156 te
425 2108 500 2155 non
518 2083 659 2181 patitur
675 2108 811 2157 caussa
826 2084 975 2181 placere
992 2080 1096 2154 mibi.

238 2282 261 2329 l.
281 2280 363 2334 Qualis
380 2283 408 2329 ab
425 2280 519 2343 Europe
535 2282 645 2348 Phrygiis
662 2286 703 2331 nd-
754 2284 779 2332 in
799 2284 881 2347 lugam
902 2280 978 2331 dedit.
1014 2280 1147 2346 Amymone
1169 2284 1239 2327 nt·

201 2362 267 2402 cestu
280 2353 389 2416 earinis]
401 2352 499 2403 -Eurotc
514 2363 539 2403 et
555 2366 633 2403 evectu
650 2371 704 2404 cum
755 2372 809 2406 cum
827 2356 868 2405 illo
884 2354 1028 2405 concubuit:
1045 2353 1114 2419 eique
1124 2352 1240 2417 Neptunus

203 2426 340 2476 melioribus
357 2427 519 2477 scribendum.
544 2427 575 2476 nd
593 2428 705 2477 Eurotam
755 2430 832 2479 fontes
852 2431 961 2479 Iaernaeos
984 2427 1108 2479 indicavit.
1138 2424 1196 2474 Hae
1215 2438 1240 2473 ts

203 2499 268 2549 enim
286 2499 456 2549 nstallelena.
491 2501 619 2563 Spartanus
632 2501 705 2549 Euro·
755 2503 899 2570 Apollodoro
909 2502 953 2551 lib.
964 2502 991 2551 ii.
1023 2498 1135 2551 Meminit
1143 2494 1241 2563 stapel·

206 2573 468 2623 tutClaudianoCons.
480 2575 623 2639 01yb.2³7.
657 2575 706 2623 Na·
758 2578 834 2627 louius
843 2577 888 2626 lib.
899 2576 915 2626 i.
926 2576 986 2640 Arg.
997 2576 1035 2626 bis
1045 2574 1135 2625 verbis:

205 2647 256 2697 soni
265 2646 292 2695 ii.
305 2649 366 2697 Met.
376 2649 433 2697 2⁴7.
456 2648 582 2697 Taenarius.
614 2649 706 2699 Ilmss.
788 2646 1039 2702 —noaataomtt
1050 2648 1126 2715 κούρη

239 2723 265 2769 4.
285 2721 411 2786 Callidus]
424 2724 498 2771 Multi
506 2723 569 2780 libri,
579 2726 691 2772 candidus
698 2743 706 2783 ;
790 2727 857 2791 Πρίν
868 2725 921 2775 ποτ’
931 2724 1066 2789 Ἀμυμύνη
1076 2722 1169 2782 Δαναΐς
1182 2736 1243 2771 tw

205 2802 233 2843 ut
243 2796 293 2843 olor
303 2811 367 2861 sepe
377 2797 443 2844 albata
453 2807 478 2844 et
488 2800 601 2846 condidus
613 2796 707 2847 dicitur.
821 2800 950 2860 εὐνηθεῖσα

205 2868 395 2918 Retinuitumeu
411 2872 518 2919 collidus.
536 2871 639 2935 quiarqi
654 2873 709 2920 laesit
790 2873 1039 2923 uatum—
1149 2868 1219 2919 Crot-

206 2942 283 3007 magis
292 2944 408 3008 congruit,
416 2952 441 2991 et
450 2945 570 3009 praecessit
577 2946 661 3007 plumis
671 2948 705 2993 ul·
758 2946 903 2996 Crediderim
921 2944 1043 3011 scripsisse
1054 2942 1177 3001 Ovidium,
1191 2940 1246 2991 sistit

206 3019 247 3064 bis.
264 3016 418 3080 insulsaque.
452 3018 540 3066 Buau.
757 3023 846 3069 errabat
874 3024 898 3068 in
919 3020 997 3084 Argis.
1032 3012 1183 3083 Amymones
1199 3028 1246 3065 m

238 3092 264 3138 5.
282 3090 351 3138 Siccis
359 3093 447 3138 errauit
458 3094 482 3139 ia
499 3090 584 3156 agris]
606 3089 646 3138 Ad
657 3091 706 3140 Ho-
757 3095 862 3143 labulam
870 3092 1042 3159 uugitstatius
1052 3091 1096 3140 lib.
1104 3086 1244 3141 immabi

206 3161 264 3210 meri
286 3163 413 3228 Epitheton
434 3164 538 3230 respexit
559 3165 642 3219 Poeta,
666 3165 707 3229 qui
756 3168 811 3217 vide
822 3168 952 3216 Lutatium.
986 3166 1078 3214 Bunu.

206 3243 276 3283 vocat
285 3236 363 3299 Argos
375 3236 532 3303 πολυδίψιον,
544 3237 588 3287 hoc
600 3248 644 3293 est,
657 3238 707 3287 siti·
790 3244 814 3290 8.
834 3241 919 3303 Fecit]
947 3240 1027 3287 Finxit
1045 3240 1120 3290 codex
1136 3234 1245 3287 &mie

205 3308 313 3356 colosum
328 3318 399 3374 atque
416 3311 516 3368 aidum,
528 3320 621 3377 propter
640 3322 707 3360 natu·
759 3331 811 3363 nus.
839 3314 898 3362 lorte
915 3323 988 3362 reete.
1006 3312 1057 3361 vid.
1075 3312 1144 3377 Eleg.
1163 3309 1245 3359 siu&

206 3390 345 3430 ramteme.
380 3384 443 3431 Nam
454 3387 708 3435 auteadventumDa·
760 3389 890 3436 llsrxsrus.
923 3386 1050 3435 Efficacius
1068 3394 1105 3435 est
1123 3383 1194 3450 feeit.
1217 3382 1245 3431 in

206 3454 257 3511 nai,
269 3456 310 3520 qui
327 3455 416 3520 primus
426 3466 509 3522 puteos
526 3460 635 3509 ell'odisse
650 3461 709 3509 dici·
760 3463 822 3512 Flor.
834 3461 861 3510 ii.
874 3463 897 3509 6.
931 3456 1244 3510 Fecerantueoenuauue

206 3528 354 3585 tnr,aridam
372 3529 444 3579 luisse
462 3541 549 3581 terram
568 3534 709 3599 Argivomm
759 3552 843 3584 nsanos.
877 3535 968 3584 Bcuu.

207 3603 314 3653 tradunt.
349 3602 403 3652 Fuit
420 3615 497 3654 autem
512 3608 645 3673 Amymone
661 3609 707 3657 Ar·
794 3611 833 3659 ll.
854 3610 1055 3673 Mulierupeccis]
1077 3602 1245 3672 Pmiuprint

206 3677 271 3743 give,
285 3676 364 3725 Danai
375 3677 432 3726 filia.
458 3680 601 3729 lllrcuum's.
634 3682 708 3747 Amy·
759 3684 841 3732 editio.
867 3684 936 3747 eujus
955 3682 1079 3746 glossema,
1096 3690 1245 3728 munerum

207 3752 708 3817 moneunaexquinquagintaDanuifilia-
759 3768 831 3822 puto:
856 3759 955 3805 l'rumia
973 3758 1036 3804 enim
1056 3771 1120 3821 sepe
1136 3751 1245 3819 prodeat

206 3825 260 3883 bns,
271 3843 358 3891 aquam
376 3827 506 3891 inquirens,
517 3828 541 3875 in
560 3844 655 3877 cervum
675 3838 709 3877 te·
759 3831 835 3896 spolia
851 3839 973 3887 vocantur,
988 3828 1120 3894 dequibus
1133 3826 1172 3875 hie
1181 3822 1246 3873 'mbo

206 3897 257 3947 lum
276 3901 344 3966 jecit,
361 3916 389 3950 ac
410 3901 522 3966 Satyrum
544 3900 708 3951 dormitantem
759 3904 839 3953 odioso
849 3904 907 3969 agit,
918 3913 944 3953 ut
953 3920 1007 3951 mox
1018 3920 1042 3950 v.
1054 3904 1095 3952 29.
1110 3901 1246 3965 spallam

206 3972 314 4022 offendit.
348 3976 429 4032 Quare
446 3973 487 4022 ille
503 3990 709 4040 somnocxperge·
759 3989 784 4027 et
794 3997 818 4026 v.
831 3982 873 4028 53.
884 3979 909 4027 in
928 3977 1008 4026 multis
1026 3986 1050 4025 et
1061 3974 1155 4042 optimis
1168 3967 1245 4022 codid-

206 4050 283 4095 faotns
298 4048 384 4111 puelle
402 4048 462 4096 miro
475 4047 594 4096 desiderio
609 4049 709 4114 capitur.
759 4052 804 4099 bus
821 4064 866 4109 est,
877 4074 891 4101 a
902 4054 973 4100 divite
989 4052 1082 4112 premio
1098 4050 1165 4111 posci.
1182 4052 1205 4094 et
1217 4042 1246 4089 iu

207 4117 240 4165 At
250 4119 555 4185 Neptunosuperveniente
572 4123 668 4185 Satyrus
684 4140 709 4171 se
759 4124 869 4175 Terentio
887 4127 976 4187 Hecyr.
994 4124 1011 4171 i.
1033 4125 1054 4171 1.
1076 4123 1170 4185 spoliare
1184 4114 1247 4167 man
