2896 4980
194 330 261 397 8⁶20
489 327 528 390 P.
553 324 716 390 OVIDlI
741 323 953 392 NASONIS

194 502 295 574 Cum
313 501 410 574 bene
427 499 586 596 dejectis
605 499 788 594 gremium
805 498 988 597 spectaris
1005 496 1142 583 ocellis,

243 616 435 701 Quantum
453 615 615 713 quisque
633 615 740 701 serat,
759 614 1016 713 respiciendus
1030 613 1121 687 en't:

195 732 367 805 Forsitan
386 730 601 815 immundae,
620 728 729 803 Tatio
746 740 938 825 regnante,
960 728 1109 802 Sabinae

245 848 444 921 Noluerint
461 847 607 921 habiles
623 846 795 945 pluribus
813 871 898 920 esse
913 845 1015 919 viris.
1174 846 1214 914 40

196 964 232 1036 N
235 987 308 1036 unc
328 961 434 1034 Mars
452 962 619 1036 extemis
637 961 782 1035 animos
799 972 953 1035 exercet
969 960 1007 1033 in
1023 958 1148 1033 armis:

243 1079 296 1150 At
312 1078 442 1153 Venus
460 1077 588 1151 AEneae
608 1087 741 1173 regnat
757 1077 795 1149 in
809 1077 901 1150 urbe
919 1076 991 1149 sui.

195 1193 329 1267 Ludite
348 1193 532 1266 formosae.
561 1203 666 1301 ousta
683 1202 754 1276 est,
774 1215 888 1289 quam
908 1214 1018 1265 nemo
1035 1186 1180 1285 rogavit:

245 1308 334 1395 Aut,
353 1309 385 1380 si
404 1309 592 1382 rusticitas
611 1332 684 1381 non
702 1318 816 1392 vetat,
836 1309 919 1405 ipsa
936 1316 1055 1403 rogat.

195 1423 276 1497 Has
294 1449 459 1522 quoque,
479 1447 575 1521 quas
593 1423 724 1497 frontis
742 1446 854 1518 rugas
872 1422 910 1495 in
926 1422 1065 1497 vertice
1080 1428 1196 1519 porus.

246 1539 415 1614 Excute:
444 1540 492 1612 de
510 1539 612 1634 rugis
631 1538 788 1612 crimina
804 1538 923 1611 multa
939 1537 1086 1611 cadent.
1171 1530 1209 1603 46

195 1655 387 1753 Penelope
402 1657 583 1751 juvenum
601 1654 696 1727 vires
715 1654 885 1728 tentabat
902 1654 941 1726 in
960 1676 1069 1726 arcu:

246 1770 438 1853 (luilatus
457 1783 819 1867 argueret‚corneus
838 1793 947 1843 arcus
965 1778 1054 1842 erat

197 1883 353 1957 Labitur
369 1887 528 1970 occulte,
547 1885 718 1982 fallitque
734 1882 908 1958 volubilis
926 1895 1040 1957 aetas:

248 1999 302 2071 Ut
320 2001 419 2071 celer
437 2001 610 2073 admissis
628 2002 766 2073 labitur
783 2000 903 2073 amnis
922 1998 1044 2097 aquis.
1171 1994 1208 2065 50

197 2114 285 2187 AEra
302 2113 423 2187 nitent
441 2140 533 2187 usu:
562 2117 677 2188 vestis
696 2118 795 2189 bona
812 2114 947 2212 quaerit
964 2112 1109 2189 heberi:

247 2229 466 2303 Canescunt
484 2229 583 2328 turpi
601 2241 703 2304 tecta
721 2231 851 2303 relicta
868 2230 956 2303 situ.

195 2445 364 2495 inclurleodum
392 2446 435 2497 hoc
454 2447 606 2495 vocabulum.
640 2464 694 2497 nam
745 2450 811 2505 bunt,
821 2447 965 2513 capiendum
974 2456 1021 2497 est.
1053 2446 1134 2495 Burri.

194 2524 257 2569 «lecet
272 2520 356 2568 iterum
372 2530 408 2569 est
427 2522 487 2570 lenae
505 2538 591 2570 sermo.
609 2532 693 2588 prute-
777 2524 819 2571 39.
837 2518 1212 2581 l'orsiranineottcruuregm

195 2610 244 2651 rea,
254 2598 316 2643 (lecet
327 2596 378 2642 olba
389 2597 477 2657 quidem
491 2597 560 2643 rubor
571 2613 610 2643 orn
625 2597 696 2645 Pala·
745 2596 857 2658 Sation]
877 2595 1003 2643 lmmunrlae
1015 2594 1119 2643 meliores
1130 2586 1212 2637 umet

195 2666 267 2715 tinus.
284 2683 330 2715 uon
341 2667 412 2723 mule,
428 2676 453 2715 ut
464 2668 578 2732 oppositio
594 2669 625 2717 sit
636 2670 696 2718 inter
745 2677 817 2718 recte.
833 2668 868 2717 sic
878 2672 978 2717 inunum
984 2670 1104 2718 muliebris·
1117 2662 1213 2725 W

195 2742 247 2788 alba
259 2748 283 2787 et
294 2744 405 2788 ruborem.
440 2742 528 2790 Brun.
745 2744 838 2808 puellas
844 2743 902 2791 dicit
912 2744 1037 2793 horedus
1045 2742 1086 2792 lib.
1093 2741 1123 2790 ir.
1133 2736 1190 2787 llll·

229 2815 269 2862 ³7.
279 2813 415 2877 Spectabit]
429 2814 453 2862 Si
462 2818 569 2876 spectaris
578 2831 619 2880 pro
627 2831 695 2879 spec·
781 2820 822 2866 45.
840 2817 891 2865 Hos
901 2817 1071 2881 meeum]
1087 2817 1139 2867 Jurt
1152 2806 1213 2859 ἰὼ

197 2888 283 2936 tuveris
301 2904 343 2952 per
359 2890 483 2953 Syncopen
500 2888 649 2953 subjunctive
665 2890 698 2939 lo·
749 2891 801 2939 loco
827 2890 895 2939 hesit
922 2890 1065 2956 Naugerius.
1090 2888 1150 2939 ule!
1165 2878 1214 2931 ὼ

197 2961 699 3028 geretur.milrimagispluccretzseduul·
748 2966 845 3013 subesse
862 2972 1010 3013 certumest.
1043 2954 1213 3023 Quilln'lql·

196 3036 239 3085 libi
250 3037 274 3085 id
286 3038 426 3102 reperimus'
457 3037 698 3104 illuriipriumexpo-
749 3054 815 3097 mus3
1197 3096 1203 3107 Ι

197 3111 259 3167 sitio,
278 3119 370 3159 tantum
387 3112 548 3176 respiciendus
566 3113 610 3160 erit
625 3130 697 3162 unus·
782 3112 832 3158 llus
849 3126 942 3173 quoque,
963 3128 1012 3175 que
1023 3111 1112 3177 frontis
1127 3114 1185 3169 ΝΡ
1195 3112 1215 3143 ¹⁸

198 3185 306 3248 quisque,
331 3194 446 3248 quantum
467 3186 535 3242 serat,
562 3184 646 3236 ‹lubito
666 3202 697 3236 un
834 3186 929 3233 ¹certr'ce
937 3194 1039 3247 portant,

198 3258 318 3319 procedat.
330 3258 354 3305 in
365 3258 469 3307 Juniano
480 3269 524 3316 cst,
535 3262 697 3322 inmiciemlur.
814 3256 909 3307 Excute·
934 3263 962 3308 de
978 3262 1043 3325 rugit
1059 3256 1149 3307 erl-5¹⁶
1159 3242 1216 3297 ’ὼ

199 3329 272 3376 sorte:
640 3378 646 3389 ,
842 3334 935 3381 cudent.

232 3404 290 3451 Cum
311 3406 364 3451 leue
381 3408 473 3466 dejectis
490 3410 576 3471 gremio
592 3409 698 3469 spectaris
748 3403 801 3453 lloc
811 3421 890 3455 sensu.
924 3406 1041 3457 hemina
1057 3398 1215 3472 quum*

295 3480 372 3525 ocellis
748 3478 819 3526 tricas
830 3488 854 3527 et
864 3496 950 3545 rugosa
964 3482 1040 3531 fronte
1055 3476 1216 3531 ml*

265 3551 384 3603 (liturnum
401 3556 492 3615 ‹prispoe
501 3554 587 3618 seram
605 3556 698 3616 respici-
748 3555 881 3603 castitatem
892 3556 948 3604 licta
963 3558 1085 3607 severitate
1100 3564 1143 3618 pr·
1154 3558 1177 3593 Ι
1187 3536 1217 3587 ¹⁸·

294 3628 431 3673 suntuna.
748 3629 962 3684 munuum„
980 3630 1029 3679 uu
1045 3628 1100 3695 spu
1115 3610 1217 3697 mise*

200 3700 233 3747 Ut
243 3699 316 3751 dicat.
327 3716 373 3747 non
384 3700 448 3765 prius
457 3699 551 3748 blandis
561 3702 636 3750 oeulis
647 3718 698 3750 esse
749 3702 834 3767 quibus
855 3720 917 3753 nunc
938 3704 1022 3761 latent,
1040 3700 1126 3768 prodire
1139 3690 1218 3743 ΕΜ

198 3782 326 3822 amatorem
338 3772 520 3838 respiciendum,
531 3774 575 3823 nisi
589 3774 699 3823 simulato
751 3777 841 3825 multa:
859 3790 963 3828 ercrrtere
978 3779 1041 3827 enim
1057 3762 1217 3825 estexffl·

198 3846 296 3910 pudore,
316 3847 443 3911 oculosque
470 3846 559 3910 gremio
579 3847 700 3911 dejiciens,
750 3853 895 3900 recteetiam
903 3844 1217 3917 nlieylluzsmmngffl

199 3920 261 3969 limis
278 3922 430 3986 spectaretis,
448 3931 564 3987 quantum
581 3922 624 3969 tibi
643 3922 699 3970 uffo·
742 3924 833 3988 jioutts
845 3930 995 3983 certionem
1011 3910 1217 3990 capientlffloffl·

200 4004 244 4047 rut.
255 4011 284 4043 ne
295 3996 367 4058 gratis
380 3995 442 4043 ullus
452 3996 537 4044 umoris
547 3994 635 4059 gradus
644 4012 699 4043 con·
752 4000 840 4047 llunn.
1194 4052 1200 4063 Ι

199 4076 253 4115 stet.
269 4068 293 4115 si
306 4068 426 4133 vulgatam
439 4070 537 4118 retinere
549 4070 636 4133 placet,
646 4087 697 4131 gre·
782 4074 823 4120 51.
854 4072 924 4120 l'estls
953 4073 1009 4119 bono
1034 4070 1110 4133 querit
1136 4046 1216 4111 W]

200 4144 268 4189 mimn
279 4158 321 4207 pru
331 4143 393 4201 sinu,
404 4144 428 4193 ln
439 4162 487 4208 quo
500 4143 628 4211 pecuniam
639 4146 697 4194 lere·
750 4145 837 4199 (luunt
855 4146 939 4202 baberi,
951 4160 998 4194 nou
1012 4154 1048 4193 est
1063 4142 1088 4191 id
1096 4128 1217 4205 quw!-
