2896 4980
202 330 269 397 m
497 328 537 393 P.
561 324 724 393 ovum
750 323 937 393 musom

205 504 255 576 Di
274 502 420 588 melius,
440 525 554 598 quam
573 525 645 587 me,
665 502 697 573 si
711 500 761 573 sit
777 524 960 598 peccasse
976 501 1103 588 libido,

255 618 416 692 Sordida
432 628 632 691 contemtae
650 616 761 689 sortis
776 616 898 689 amica
910 617 1034 713 juvet!
1192 623 1232 689 20

203 733 298 819 Quis
316 733 475 807 Veneris
492 732 639 805 lamulae
658 732 848 806 connubia
864 733 960 807 liber
976 734 1083 819 inire,

251 849 450 947 Tergaque
469 846 669 945 complecti
686 849 844 922 verbere
862 860 968 921 secta
982 849 1094 924 veliti

202 964 324 1052 Adde,
344 965 446 1062 quod
464 963 642 1036 ornandis
660 962 724 1036 illa
741 975 801 1037 est
819 976 975 1061 operata
991 965 1153 1062 capillis;

253 1080 302 1154 Et
320 1080 387 1154 tibi
406 1104 474 1178 per
489 1079 622 1153 doctas
640 1089 748 1175 grata
763 1080 935 1153 ministra
951 1104 1097 1155 manus.

202 1196 357 1270 Scilicet
373 1195 560 1281 ancillam,
579 1218 665 1291 quae
684 1206 762 1268 tam
779 1196 848 1269 tibi
865 1196 953 1283 fida,
972 1198 1162 1293 rogarem!
1191 1198 1230 1269 25

251 1311 374 1395 Quid?
400 1311 472 1383 nisi
489 1322 531 1383 ut
548 1310 686 1383 indicio
699 1313 835 1407 juncta
851 1313 1003 1411 repulsa
1018 1311 1134 1387 foret?

203 1427 276 1501 Per
293 1426 479 1501 Venerem
492 1428 591 1521 juro,
611 1427 794 1524 puerique
811 1427 972 1502 volatilis
990 1452 1112 1515 arcus,

249 1542 316 1617 Me
333 1568 407 1616 non
425 1541 580 1615 admissi
597 1542 762 1616 criminis
779 1567 864 1617 esse
882 1567 1000 1619 reum.

541 1796 715 1809 .---..-.,.,-
720 1797 908 1808 ω

531 1960 766 2035 ELEGIA
793 1960 907 2036 VIII.

199 2111 390 2184 Ponendis
407 2112 445 2183 in
463 2112 564 2183 mille
582 2112 714 2183 modos
732 2111 901 2208 perfecta
917 2114 1078 2211 capillis,

249 2226 410 2299 Comere
428 2227 495 2300 sed
513 2227 613 2299 solas
630 2224 758 2320 digna,
779 2225 957 2325 Cypassi,
977 2228 1100 2317 Deas3

195 2451 362 2516 scriptionibus
380 2450 484 2509 ancille,
501 2468 555 2518 quar
572 2452 698 2500 comebant
781 2452 990 2503 Concursum
1009 2457 1102 2519 duplici
1119 2456 1235 2505 &aare

196 2526 273 2583 lucras,
301 2526 388 2591 possim
415 2526 534 2576 dicuntur.
566 2527 697 2575 Ilmssrus.
804 2526 919 2592 frontem.

197 2599 272 2649 Recte
284 2599 408 2648 Heinsius:
426 2610 463 2649 est
479 2600 542 2649 enim
560 2599 639 2648 Ironia
655 2597 696 2648 Ci-
747 2598 845 2663 Legitur
853 2609 932 2651 tamen
941 2602 966 2650 iu
981 2601 1148 2652 vetustissimis
1161 2599 1237 2651 audisi-

195 2675 330 2731 ceraunus,
339 2674 370 2722 de
378 2692 426 2739 qua
434 2674 535 2723 vidimus
544 2675 574 2724 ad
583 2672 698 2732 Quinctil.

195 2749 229 2796 ir.
247 2746 324 2796 Iustit.
340 2746 357 2795 i.
372 2764 426 2812 quse
443 2748 563 2812 etsaepius
573 2749 598 2796 ln
609 2746 696 2796 Decla-

195 2821 340 2870 mationibus
354 2824 470 2870 occurrit:
490 2822 549 2870 Ecce
566 2834 633 2870 lurum
650 2823 697 2870 cri·

197 2913 247 2943 nem
280 2897 348 2944 solers
382 2912 465 2944 ornare
495 2895 570 2945 codex
600 2897 696 2944 Donum

195 2970 370 3018 Bnmssns.
395 2970 507 3034 Cypassi.
531 2970 636 3033 Vulgare
653 2984 696 3017 an·

195 3043 257 3091 cillis
282 3063 297 3091 u
323 3045 406 3092 rutulis
433 3061 526 3103 nomen,
554 3044 695 3101 Κύπασσις,

196 3118 259 3180 quod
276 3121 430 3180 serpullum,
447 3123 512 3168 restis
530 3121 612 3168 talaris
630 3134 695 3184 quss-

195 3189 261 3246 dum,
271 3207 342 3255 quam
353 3191 502 3241 delicatiores
519 3201 569 3240 tum
581 3192 633 3249 vin,
645 3202 696 3241 tum

196 3263 289 3311 luminas
321 3266 453 3329 gestabant.
480 3266 564 3316 Reislr.
593 3267 695 3315 Anthol.

197 3352 220 3400 p.
230 3339 272 3384 22.
305 3338 395 3386 Assur.

228 3412 269 3457 21.
287 3412 344 3464 Qrsis
363 3413 453 3459 Veneris
465 3414 565 3476 junrulae
584 3419 696 3464 courrnbiu

197 3485 254 3531 liber
275 3487 342 3541 inire,
364 3486 426 3548 δια]
464 3487 569 3535 Venerem
591 3506 638 3538 non
654 3507 696 3556 pro

196 3558 274 3606 amIca
284 3557 322 3606 liic
334 3557 507 3623 accipiendum,
517 3561 558 3607 sed
576 3563 643 3626 quusi
659 3564 696 3612 di-

196 3646 250 3679 cas:
270 3632 330 3690 Quis
346 3632 405 3680 liber
426 3632 483 3680 velit
499 3632 557 3681 inite
569 3638 695 3693 connubia,

195 3706 245 3754 sive
259 3706 400 3755 commercia
415 3706 514 3754 Veneris
530 3708 633 3764 Iamulre,
650 3710 695 3760 hoc

194 3790 230 3830 est
239 3798 322 3839 servre,
333 3790 357 3830 et
367 3796 409 3845 per
418 3781 463 3828 hoc
480 3780 583 3846 indigna·
602 3784 695 3836 homino

196 3855 333 3913 liberalite.
356 3857 497 3903 Misimus.

231 4007 252 4051 l.
273 4005 409 4066 liniendis]
436 4004 562 4052 (lmandis.
584 4007 691 4057 Produci-

196 4086 232 4126 tut
249 4080 324 4143 prima
339 4079 440 4143 syllaba,
458 4079 512 4128 lIcct
530 4080 554 4127 in
573 4084 639 4131 l'nmu
652 4102 693 4132 no-

197 4150 259 4200 miue
269 4154 415 4217 corripiatur.
432 4152 470 4201 Sic
482 4154 612 4203 Iunonius:

747 2673 805 2721 bus:
827 2674 940 2724 Ponendis
954 2678 981 2724 irs
990 2677 1120 2733 Μαάθ.
1135 2678 1238 2727 Manus.

749 2748 896 2798 Ponendus'n
910 2752 974 2800 mille
988 2751 1145 2816 Μινυάς]
1176 2750 1239 2803 Pul!

747 2821 791 2870 rite
810 2823 921 2881 crinibuus,
940 2833 965 2872 et
983 2824 1050 2873 omui
1076 2816 1239 2891 unguentur

746 2912 833 2958 genero
852 2895 962 2961 irrigatis,
981 2898 1070 2949 ultima
1096 2908 1164 2949 teuto
1183 2895 1241 2967 spui

746 2985 830 3020 munus
838 2971 948 3020 addenda
956 2982 1096 3039 supererat:
1107 2970 1239 3039 qumans·

746 3043 851 3102 sterium,
861 3061 903 3111 pro
918 3044 1045 3110 puritate,
1056 3046 1240 3115 uncilltrumpt·

746 3116 863 3166 ritissims
882 3117 1080 3170 demuudsbutnr.
1113 3120 1170 3170 Nun
1185 3118 1241 3169 ul!

745 3191 809 3239 idem
834 3196 985 3250 amalricum,
1012 3194 1079 3259 quod
1102 3206 1241 3245 casnm

746 3281 839 3316 munus.
872 3266 1005 3317 Omatricis
1025 3278 1077 3318 erut
1097 3268 1197 3336 espillu
1215 3284 1241 3318 ss

746 3341 809 3388 omni
820 3341 904 3407 capitis
915 3350 982 3406 parte
993 3342 1019 3390 iu
1028 3346 1116 3392 sudeus
1128 3342 1242 3409 collium,

747 3422 830 3479 (quern
840 3416 918 3465 Greci
928 3416 1065 3481 κόρυμβον,
1074 3417 1113 3467 rel
1121 3416 1243 3483 ψύθη

746 3490 890 3552 vocabant3)
917 3498 942 3539 el
962 3493 1027 3539 mille
1047 3494 1120 3541 suedis
1140 3490 1242 3541 arius:

746 3563 791 3613 hoc
801 3564 864 3613 enim
873 3579 992 3613 summum
1002 3564 1061 3615 artis
1077 3564 1208 3621 omunia.
1218 3578 1243 3613 ss

745 3640 777 3686 bis
795 3641 820 3686 ln
838 3642 914 3697 ideam
939 3647 964 3687 et
982 3638 1038 3705 plns
1054 3638 1166 3689 minusve
1184 3634 1242 3705 sps!

744 3711 862 3761 dominam
873 3712 949 3777 grstia
958 3713 1056 3763 valebat
1070 3712 1185 3769 mutuis.
1200 3724 1243 3779 φ)

745 3785 798 3851 plus
811 3788 917 3836 minusue
933 3786 1046 3836 novitatis
1060 3802 1153 3844 emm,
1167 3793 1192 3835 et
1204 3798 1241 3835 Ιο-

746 3876 826 3908 rorum
836 3859 952 3909 inventrix
962 3859 1094 3924 ingeniosa.
1123 3858 1212 3909 Am.

781 3935 958 3991 Ponendisdzc.
976 3934 1106 4000 Μυσία]
1132 3932 1242 4000 Possm.

745 4006 895 4071 peritissima.
929 4008 958 4055 In
968 4006 1074 4072 quodam
1085 4006 1169 4057 codice
1183 4006 1242 4055 Pre-

738 4085 805 4146 fecra
821 4082 933 4148 scripturn
948 4089 992 4135 est,
1009 4081 1077 4147 quod
1093 4097 1141 4132 uon
1152 4079 1242 4131 omniuo

746 4156 866 4221 displicet:
892 4154 1032 4206 ancillarum
1050 4156 1115 4207 euim
1136 4154 1241 4222 quedam
