2896 4980
212 394 278 459 llo
505 392 542 455 Ρ.
568 390 726 458 OVIDII
752 392 961 459 NASONIS

213 567 267 640 At
285 569 380 641 bene
394 576 511 665 nupta
523 566 637 649 seron
666 568 755 663 quia
773 570 940 642 nominer
953 566 1127 643 Herculis
1143 594 1263 647 uxor:

266 684 398 780 Sitque
417 707 533 767 socer,
555 681 692 779 rapidis
712 682 777 779 qui
795 693 899 757 tonat
917 685 1014 758 altus
1032 686 1157 782 equis.

214 800 337 883 Quam
356 799 450 871 male
470 798 673 894 inaequales
690 799 841 871 veniant
858 801 906 872 ad
924 811 1045 873 aratra
1057 803 1229 896 juvenci,

262 914 356 987 Tam
373 915 553 1012 premitur
571 937 706 1008 magno
725 917 884 1011 conjuge
903 931 1020 1014 nupta
1036 919 1171 993 minor.
1210 925 1261 994 30

109 1062 117 1075 ·
213 1028 300 1104 Non
314 1032 430 1103 honor
443 1044 513 1116 est,
526 1031 593 1103 sed
607 1054 721 1103 onus:
751 1031 897 1127 species
916 1033 1050 1107 laesura
1060 1033 1258 1110 serentem.

262 1148 303 1219 Si
322 1172 398 1244 qua
414 1148 515 1220 voles
535 1158 622 1243 apte
639 1148 792 1231 nubere,
814 1149 912 1221 nube
930 1149 1022 1245 pari.

109 1274 113 1291 '
211 1262 277 1336 Vir
294 1264 383 1336 nrihi
402 1287 551 1359 semper
569 1263 696 1343 abest;
726 1273 765 1335 et
782 1265 941 1359 conjuge
959 1265 1080 1337 notior
1099 1265 1242 1364 hospes

262 1380 519 1476 Monstraque,
539 1379 721 1451 terribiles
740 1380 1051 1476 persequiturque
1069 1380 1182 1455 seras,

211 1496 302 1595 Ipsa
318 1497 428 1569 domo
445 1494 567 1580 vidua,
586 1495 681 1566 votis
700 1504 855 1591 operata
871 1495 1029 1592 pudicis
1207 1501 1257 1571 35

258 1612 463 1709 Torqueor,
483 1611 616 1684 infesto
635 1635 681 1683 ne
699 1612 753 1682 vir
771 1612 818 1682 ab
836 1612 943 1684 hoste
961 1611 1084 1685 cadat.

211 1726 314 1800 Inter
332 1737 537 1825 serpentes
557 1750 754 1823 aprosque,
775 1726 979 1824 avidosque
997 1727 1124 1801 leones

258 1843 399 1930 lactor,
418 1854 456 1918 et
474 1868 601 1917 esuros
619 1854 725 1917 terna
742 1867 809 1941 per
826 1867 890 1916 ora
907 1867 1032 1917 canes,

209 1958 276 2033 Me
294 1960 480 2058 pecudum
497 1960 613 2046 fibrae,
633 1959 904 2057 simulacraque
923 1961 1048 2034 inania
1064 1961 1201 2049 somni,

260 2076 471 2174 Ominaque
489 2077 623 2150 arcani
641 2087 749 2149 nocte
768 2077 886 2175 petita
903 2088 1063 2150 movent.
1201 2082 1252 2151 40

237 2276 280 2323 29.
301 2276 422 2339 Veniunt]
443 2276 540 2323 l'enr'uut
557 2276 701 2323 Puteaneue.
786 2276 890 2338 Regnum
903 2284 991 2323 tuetur.

205 2348 283 2397 Inru.
753 2348 801 2397 Ubi
810 2349 850 2397 elii
859 2348 953 2397 codices
964 2360 1038 2399 ternu.
1055 2347 1098 2397 ced
1109 2349 1169 2398 nihil
1180 2366 1250 2417 opus.

236 2424 279 2471 ³1.
298 2423 350 2471 Nou
361 2425 479 2479 honored,
490 2425 528 2469 red
546 2421 626 2485 oreris]
647 2426 700 2470 lla·
752 2422 814 2471 idem
825 2421 889 2469 enirn
900 2424 923 2470 in
930 2423 1033 2487 Thyeste
1043 2422 1102 2471 676.

203 2498 358 2563 ρωνομασία.
380 2499 410 2546 Ρ.
431 2497 548 2546 Rutilius:
578 2498 614 2544 Ad
635 2498 703 2557 lujur
783 2498 951 2559 —Scpe
963 2499 1142 2544 lucraremur

202 2574 366 2619 sceleratissimi
376 2589 442 2634 opem
452 2574 490 2635 qui
500 2570 555 2637 sur't
573 2573 648 2618 limis?
664 2587 700 2619 re·
786 2572 856 2619 Trine
865 2574 973 2636 remugit.
984 2596 1081 2607 -—

204 2648 368 2709 ligiorirrr'mur:
391 2649 499 2693 nimirum
519 2649 571 2707 quio
591 2648 699 2693 traditum
752 2646 800 2693 l'bi
817 2655 840 2693 ct
855 2646 885 2694 ad
902 2646 999 2694 Cerberi
1018 2645 1130 2693 latratum
1146 2642 1250 2708 respicit,

202 2722 244 2769 siti
269 2722 409 2781 publicorum
435 2721 559 2767 crrruulr'um
585 2736 699 2767 sacrorum
749 2718 783 2767 sic
796 2722 858 2767 trina
873 2730 897 2767 et
912 2730 978 2767 terna
994 2717 1024 2766 de
1043 2717 1079 2765 ltin
1096 2716 1181 2766 iisdem
1190 2716 1249 2767 Cu·

202 2812 248 2842 sum
264 2796 350 2849 terrori,
364 2797 400 2842 sed
417 2797 481 2841 oneri
498 2809 541 2841 erse
557 2796 699 2842 erlsrr'mmr’t.
749 2793 799 2841 beri
822 2794 940 2859 capitibus
960 2792 1137 2841 contunduntur
1156 2791 1201 2839 lib.
1223 2808 1249 2841 x.

202 2868 273 2916 Cror.
749 2869 852 2915 Merum.
863 2869 905 2915 22.
923 2867 975 2915 loco
983 2869 1014 2915 ab
1024 2863 1123 2914 Heinsio
1133 2863 1248 2915 uddncloss

233 2944 273 2991 35.
283 2940 343 2986 l'utis
351 2952 440 3003 operata
450 2940 557 3003 pudicis]
568 2940 699 2987 l'otaenim
750 2952 774 2989 et
792 2941 872 2989 Schol.
884 2941 953 2989 statii
971 2941 1002 2989 ad
1018 2939 1061 2987 lib.
1073 2938 1099 2987 ii.
1109 2938 1188 2987 Theb.
1205 2940 1246 2989 82·

201 3014 405 3079 concipiebatur·
426 3016 461 3062 vir
476 3013 571 3062 caderet
590 3014 651 3061 inter
665 3023 700 3062 tot
749 3016 807 3063 dicit
825 3018 885 3062 trino
904 3018 990 3063 lruulua
1010 3016 1079 3061 trium
1097 3010 1247 3075 cupitum&

201 3088 276 3135 Atlrln
283 3097 308 3134 et
319 3087 430 3151 pericula,
439 3097 463 3135 et
474 3086 593 3134 sacrificiis
602 3086 699 3134 deorum
749 3091 859 3144 Cerbero.
871 3090 912 3153 qui
931 3089 1010 3154 paullo
1027 3098 1079 3152 post
1097 3086 1199 3135 aPoett
1208 3102 1248 3137 ro·

201 3176 284 3225 pucem
294 3164 429 3224 expetebat.
442 3177 489 3209 non
497 3160 546 3222 agit
554 3160 593 3208 hie
602 3161 631 3207 de
640 3160 699 3207 lani·
749 3166 928 3213 cature-em.
964 3162 1082 3227 Trlt'ormis
1090 3164 1185 3223 janitor
1196 3162 1246 3209 letr'.

200 3234 254 3283 ficio
265 3244 305 3282 aut
316 3234 368 3281 nliis
386 3236 525 3300 pudicorum
542 3244 700 3283 mutrumrum
749 3239 812 3287 unde
832 3238 929 3302 vulgata
949 3236 1012 3302 opud
1032 3234 1152 3283 Avienum
1169 3242 1247 3301 ponet

200 3308 293 3363 studiis,
302 3308 343 3356 red
354 3309 383 3357 de
394 3310 453 3357 rotis
464 3309 619 3372 etprecibus,
628 3326 657 3356 ne
666 3312 701 3357 sir
749 3310 855 3359 delendi.
877 3310 928 3359 vid.
950 3309 981 3358 ad
1007 3309 1041 3357 iv.
1065 3310 1166 3357 Metam.
1187 3308 1244 3359 ⁴⁴9.

200 3382 280 3431 cadat.
316 3383 404 3431 llr'urr.
749 3386 838 3433 Brun.
968 3396 972 3401 “

232 3458 274 3505 38.
289 3456 696 3521 Etherrrrurcernoperosmcurren]
781 3462 822 3506 40.
849 3458 955 3522 Ouium]
981 3456 1010 3504 ld
1030 3466 1066 3504 est
1085 3470 1197 3521 respon
1215 3468 1244 3505 te

201 3530 286 3579 Erum
297 3539 333 3577 est
351 3530 374 3579 in
390 3530 472 3579 multis
487 3528 616 3577 codicibus.
651 3531 697 3578 l'u-
748 3533 868 3589 vaticinia,
890 3549 944 3597 qun·
965 3540 1035 3580 noctu
1054 3538 1150 3595 captare
1169 3528 1243 3579 nolo).

198 3614 298 3653 teancus
308 3605 402 3652 lenanu
414 3615 478 3652 terrm
489 3619 530 3664 per
543 3620 599 3651 erui.
617 3602 641 3651 in
652 3622 698 3654 uno
747 3619 783 3656 est
794 3608 857 3657 enim
868 3623 913 3654 nox
926 3606 1016 3655 arcanis
1030 3603 1162 3669 hujusmodi
1172 3602 1245 3651 neris

199 3679 317 3728 Vaticano
328 3694 401 3727 rrurm
411 3695 479 3726 remu
487 3694 528 3737 per
539 3695 587 3724 «uu.
609 3679 697 3735 Scribe,
747 3680 848 3729 maxime
860 3680 957 3728 idonee:
976 3679 1038 3727 unde
1048 3687 1072 3727 et
1082 3694 1189 3726 cmm
1199 3692 1240 3725 ro·

196 3771 271 3801 nurus
282 3763 347 3801 ternu
357 3771 397 3816 per
407 3770 446 3800 cru
461 3768 536 3798 curres.
570 3753 697 3801 Cerberum
747 3766 796 3804 cat.
813 3755 847 3803 sie
858 3764 882 3801 et
893 3753 955 3818 apud
966 3752 1090 3817 Virgilium
1098 3750 1162 3799 Dido
1172 3758 1242 3799 noctu

195 3828 317 3891 intelligit.
335 3826 406 3893 Apud
417 3824 695 3891 Graecoslb'ctnsrpred·
746 3828 819 3876 sacris
830 3837 907 3881 vacet,
924 3827 980 3875 dum
997 3842 1045 3874 una
1062 3839 1140 3873 amore
1157 3824 1240 3872 AEnen

195 3922 273 3968 ρηνος
295 3902 420 3951 Cerberus.
458 3901 590 3949 llrzrseu’s.
630 3902 696 3951 Nihil
746 3903 846 3949 laborat.
867 3902 1009 3948 Mur-rnen.
1045 3899 1177 3960 Ominaque.
1190 3897 1240 3961 jen

194 3977 281 4025 certius
299 3976 344 4024 liae
361 3976 516 4026 correctione.
538 3974 611 4024 sicet
633 3978 696 4041 apud
746 3984 887 4024 monuerunt
898 3975 947 4023 alii.
969 3975 1020 4038 figo
1031 3972 1126 4020 mallem
1135 3968 1241 4035 quidem,

194 4052 279 4099 Senec.
291 4050 362 4099 llere.
376 4054 431 4101 Fur.
444 4050 502 4098 784.
744 4054 871 4112 sunur'uque
880 4066 965 4097 arcuna
982 4048 1126 4109 anteperire
1143 4052 1239 4093 nomi.

228 4124 275 4178 Qut
297 4127 358 4173 trine
385 4137 448 4174 sustu
468 4126 545 4185 cupita
566 4128 695 4173 concutitur
744 4125 801 4190 quio
812 4124 898 4172 rectius
908 4126 991 4171 smnio
1007 4132 1089 4183 petere,
1099 4134 1172 4185 qm
1182 4119 1237 4167 ni·

259 4214 311 4245 sono
744 4218 774 4246 nu
786 4198 832 4245 dici
843 4207 910 4262 puto.
929 4196 1015 4261 l'irgil.
1027 4194 1069 4245 rii.
1081 4190 1179 4243 Μ.
1190 4192 1232 4241 ffl-

832 4536 1133 4690 A
