2904 4994
484 367 743 433 HEROIDES.
769 367 839 433 ΕΡ.
863 368 946 435 XV.
1172 377 1239 445 189

196 541 309 619 Hunc
326 566 375 616 ne
391 563 460 641 pro
478 542 649 640 Cephalo
667 565 829 640 raperes,
848 542 1005 633 Aurora,
1023 548 1217 626 timebam.

247 658 298 734 Et
314 658 455 733 faceres
472 685 480 733 :
509 660 576 733 sed
594 669 632 731 te
649 659 770 756 prima
786 661 916 758 rapina
934 673 1048 737 tenet.

197 776 310 851 Hunc
328 777 360 850 si
378 777 599 874 conspicias
615 801 699 873 quae
718 777 904 875 conspicis
922 781 1057 867 omnia,
1074 782 1234 874 Phoebe;

247 891 270 964 J
274 917 383 966 ussus
401 892 472 965 erit
489 915 639 963 somnos
656 892 873 966 continuare
892 893 1036 969 Phaon.
1190 905 1239 974 90

198 1007 311 1082 Hunc
329 1007 459 1083 Venus
477 1008 515 1079 in
532 1007 668 1079 coelum
687 1031 796 1078 curru
814 1009 979 1084 vexisset
996 1013 1137 1085 eburno
1146 1042 1161 1121 3·

251 1126 328 1199 Sed
346 1126 436 1198 vidit
454 1135 493 1198 et
510 1124 624 1196 Marti
642 1148 754 1221 posse
771 1124 919 1219 placere
938 1151 1017 1199 su0.

200 1240 234 1312 Ο
256 1266 324 1315 nee
342 1242 464 1314 adhue
478 1240 640 1337 juvenis,
659 1263 728 1313 uec
742 1240 822 1335 jam
840 1264 955 1337 puer;
984 1243 1084 1316 utilis
1103 1247 1213 1317 oetas!

251 1357 285 1429 O
305 1359 434 1443 decuS,
454 1368 568 1455 atque
587 1356 655 1428 aevi
674 1354 791 1451 gloria
808 1379 944 1451 magna
961 1358 1033 1430 tui!

199 1472 287 1548 Huc
306 1476 413 1548 ades:
437 1475 550 1570 inque
568 1474 683 1558 sinus
704 1471 876 1558 formose,
896 1472 1062 1547 relabere
1080 1485 1240 1550 nostros.

252 1591 289 1663 N
291 1616 340 1664 on
352 1601 399 1664 ut
416 1615 531 1676 ames
552 1615 629 1676 oro,
647 1613 776 1662 verum
794 1600 837 1662 ut
854 1614 978 1663 amare
996 1591 1110 1666 siuas.
1192 1597 1240 1666 96

203 1706 423 1792 Scribimus
443 1719 481 1780 et
497 1706 659 1778 lacrimis
678 1706 776 1778 oculi
794 1716 962 1779 rorantur
980 1708 1132 1781 obortis.

253 1820 430 1920 Adspice,
450 1846 563 1920 quam
582 1823 632 1894 sit
649 1821 686 1892 iu
700 1822 770 1893 hoc
789 1821 908 1894 multa
920 1823 1031 1897 litura
1047 1825 1142 1898 loco.

204 1938 246 2011 Si
263 1950 340 2010 tam
359 1949 482 2010 certus
502 1958 584 2011 eras
602 1937 687 2009 hinc
707 1936 772 2022 ire,
792 1938 997 2012 modestius
1015 1941 1132 2030 isses;

254 2053 304 2127 Et
321 2056 432 2128 modo
449 2055 631 2128 dixisses:
662 2053 774 2128 Lesbi
792 2054 929 2152 puella,
948 2055 1042 2129 vale.
1175 2061 1244 2129 100

204 2169 292 2244 Non
309 2182 433 2244 tecum
451 2171 635 2258 lacrimas,
655 2196 730 2244 non
748 2172 877 2244 oscula
894 2196 1041 2247 summa
1057 2173 1186 2246 tulisti.

254 2286 428 2384 Denique
446 2311 520 2360 non
538 2288 656 2374 timui,
677 2289 779 2385 quod
797 2289 957 2362 dolitura
973 2289 1038 2363 sui.

205 2401 271 2477 Nil
288 2404 335 2477 de
353 2413 391 2476 te
409 2428 559 2477 mecum
577 2417 647 2490 est,
666 2405 738 2477 nisi
755 2413 902 2478 tautum
921 2407 1075 2503 injuria:
1104 2431 1173 2479 nec
1191 2416 1245 2492 tu,

258 2517 470 2594 Admoneat
487 2523 589 2618 quod
607 2533 657 2608 te,
676 2521 811 2620 pignus
830 2524 989 2597 amantis
1007 2524 1137 2596 habes

238 2704 279 2753 87.
296 2706 408 2769 Aurora]
426 2704 595 2771 Ἀποστροφὴ,
607 2708 644 2755 vel
661 2723 703 2771 po-
754 2714 778 2754 et
793 2709 869 2754 osculo
881 2710 965 2769 primo,
976 2706 1063 2773 passim
1075 2706 1139 2772 apud
1154 2706 1249 2755 Poetae.

205 2776 480 2844 tiusllpoommmba.
515 2779 587 2828 Cror.
753 2780 824 2828 Trist.
836 2780 879 2828 lib.
891 2780 909 2827 i.
920 2782 957 2830 El.
970 2782 1003 2829 iii.

238 2853 280 2901 93.
309 2852 358 2901 Nee
379 2854 453 2901 adlato
470 2853 588 2915 juventa]
618 2854 702 2902 Senec.
785 2855 1125 2916 Sepevoledictorrusutmm
1135 2856 1250 2902 mulleio-

206 2926 283 2993 Epist.
301 2926 341 2974 xii.
360 2927 401 2974 Est
421 2929 489 2981 alter,
507 2930 545 2988 qui
562 2945 632 2974 annos
648 2931 703 2975 ado-
848 2939 923 2985 cutus,

206 3003 315 3050 meantia
327 3001 435 3056 eze-ludit,
447 3003 528 3063 estqui
543 3009 611 3047 totum
625 3004 702 3061 poeri-
821 3002 852 3049 Er
869 3004 933 3066 qrmsi
947 3004 1060 3051 discedens
1077 3004 1153 3051 mama
1166 3020 1251 3051 utmmo

207 3079 263 3124 tiam
271 3077 356 3123 madito
366 3092 404 3122 erto
414 3078 547 3139 adstringit.
849 3079 910 3126 dedi.

239 3151 280 3199 96.
308 3149 361 3197 Non
382 3160 408 3197 at
431 3167 489 3198 omes
510 3166 555 3205 oro,
578 3167 655 3197 verum
677 3160 703 3197 ut
754 3150 1125 3216 Moxmalo,quoedoliturasui.
1146 3152 1236 3199 Herus.

207 3241 284 3272 amore
310 3224 390 3286 siriae]
421 3225 530 3272 Furorem
557 3224 634 3279 illum,
657 3240 704 3288 quo
789 3225 1105 3289 103.Necto‚rldmoneot.]
1121 3227 1252 3274 Douzavo-

206 3299 391 3366 prosequebatur
402 3299 496 3364 Sappho
512 3298 632 3347 Phaonem
649 3314 704 3346 aue·
755 3297 820 3346 lebat
828 3300 926 3362 injuria,
937 3318 983 3363 que
995 3318 1029 3348 me
1038 3304 1165 3349 admoveat.
1183 3301 1254 3348 Bers-

207 3381 245 3422 tor
261 3373 331 3438 hujus
346 3373 456 3437 Epistolm
475 3373 568 3437 egregie
585 3373 703 3438 exprimit,
755 3388 854 3421 mannus
880 3373 963 3429 edidit,
991 3377 1125 3430 Admonuit,
1153 3377 1254 3437 quumvis

207 3445 251 3496 sed
263 3462 369 3495 eaumam
386 3446 540 3494 amabilitatis
555 3447 646 3496 Plinius
661 3447 704 3495 lib.
753 3450 838 3512 pignos
853 3453 951 3496 amomis
967 3451 1040 3497 habes.
1074 3448 1206 3505 Contraria,
1226 3464 1253 3496 ac

209 3519 267 3570 xxii.
279 3523 302 3569 8.
319 3521 388 3569 refert
399 3521 429 3568 ad
446 3520 548 3569 radicem
561 3521 639 3570 berbae
650 3538 705 3570 cau·
759 3521 834 3569 Poeta
848 3521 931 3579 voluit,
946 3540 1026 3572 sensu.
1046 3522 1113 3571 nobis
1131 3524 1255 3570 Admoneat

208 3593 280 3652 dide,
297 3612 350 3659 quae
368 3600 532 3658 centumcopito
548 3606 659 3657 vocatum
675 3596 706 3644 de
756 3595 843 3660 placet,
859 3606 883 3644 et
899 3596 1049 3645 distinctione
1060 3612 1111 3644 esse
1122 3595 1254 3661 juvandum

210 3684 259 3733 qua
268 3679 428 3734 portentosum
440 3671 543 3728 tradunt,
553 3674 652 3719 radicem
659 3676 708 3734 ejm
757 3671 835 3719 locum
846 3671 974 3720 credimus:

209 3744 346 3791 alterutrius
355 3761 419 3791 serus
429 3745 600 3792 similitudinem
610 3745 706 3809 referre,
898 3743 1143 3790 —--—-—Nec
1156 3752 1191 3795 tu,

208 3831 288 3865 rarum
306 3821 410 3874 inventu,
426 3821 463 3866 aed
481 3822 500 3866 si
518 3823 573 3867 viris
588 3822 709 3884 eontigerit
791 3820 915 3867 Admoneat
934 3822 992 3882 quod
1009 3829 1038 3874 te,
1057 3821 1142 3881 pignus
1159 3817 1257 3862 umentia

209 3907 267 3948 mat,
277 3894 452 3957 amabilesfieri.
470 3897 495 3941 ob
512 3896 584 3942 docet
596 3895 710 3942 Phaonem
825 3895 897 3941 bobes.

210 3963 316 4013 lesbium
336 3970 444 4015 dilectum
464 3988 479 4015 a
499 3968 596 4030 Sappho.
640 3966 710 4026 Quod
760 3965 861 4015 Nullum
871 3977 949 4016 tecum
965 3965 1051 4029 pignus
1061 3962 1143 4018 babes,
1156 3961 1220 4026 quod
1233 3971 1257 4011 te

206 4039 292 4095 ,meio
303 4055 334 4088 an
345 4040 612 4106 aliusquisprodiderit.
623 4044 712 4090 Buuu.
762 4038 889 4088 admoueat
906 4040 952 4087 mei
971 4036 1081 4085 amantis.
1100 4037 1124 4084 iu
1144 4035 1191 4084 alia
1209 4035 1257 4085 lec·

248 4112 303 4161 101.
323 4114 409 4162 Oscula
421 4125 496 4162 nostro
509 4115 607 4178 tulisti]
628 4115 712 4162 Oualo
761 4113 826 4161 tione
834 4129 928 4162 sensum
940 4110 1030 4159 nullum
1040 4110 1119 4158 video.
1137 4110 1258 4167 soeculi,

212 4201 300 4235 ummo
316 4188 424 4253 plerique
440 4196 541 4237 veteres.
563 4187 597 4236 rie
614 4198 712 4237 extremo
761 4185 901 4235 silacrimss
911 4184 1057 4233 discedentia
1067 4199 1105 4231 me
1116 4183 1218 4241 adimes,
1228 4200 1258 4234 ea

213 4262 299 4320 moola,
315 4279 419 4326 supremo
435 4263 520 4318 orcula,
535 4263 619 4311 ultimo
628 4263 712 4319 oucule,
762 4260 805 4309 tibi
816 4258 902 4325 pignus
912 4265 998 4314 essent,
1010 4257 1074 4322 quod
1085 4266 1108 4307 te
1124 4257 1257 4316 admouere,
