2896 4980
497 385 756 455 HEROIDES.
781 384 851 450 BP.
874 383 957 452 VII.
1203 389 1247 456 8⁶

207 563 262 638 Ut
278 564 411 662 pelago
428 564 610 637 suadente
626 561 739 636 etiarn
757 559 961 635 retinacula
977 561 1113 649 solvas,
1194 540 1249 649 5ξὶί

255 678 379 753 Multa
394 690 520 753 tamen
536 680 634 752 latus
652 675 772 750 tristia
789 686 925 775 pontus
943 677 1068 753 habet.

205 794 241 868 N
244 819 287 869 ec
305 796 462 869 violasse
479 795 592 867 fidem
609 792 840 866 tentantibus
858 815 1010 890 aequora
1026 792 1191 892 prodest.

153 988 155 993 ,
255 910 427 984 Perfidiae
447 935 576 1008 poenas
593 909 713 1004 exigit
729 908 791 982 ille
808 908 926 981 locus,

205 1026 401 1125 Praecipue
418 1052 505 1101 curn
522 1028 633 1099 laesus
652 1024 788 1098 Amor:
818 1024 908 1121 quia
924 1036 1043 1099 mater
1060 1023 1209 1099 Amoris

254 1141 369 1216 Nuda
386 1141 623 1241 Cytheriacis
641 1139 743 1213 edita
758 1138 873 1212 fertur
891 1140 1011 1237 aquis.

1195 1146 1244 1215 60

204 1255 357 1331 Perdita
374 1282 421 1332 ne
439 1258 594 1356 perdam
611 1255 737 1340 timeo,
758 1277 959 1327 noceamve
978 1255 1149 1344 nocenti;

253 1371 289 1444 N
293 1398 340 1446 eu
358 1374 462 1447 bibat
479 1393 672 1470 aequoreas
689 1367 889 1466 naufragus
907 1370 1026 1444 hostis
1044 1395 1173 1470 aquas.

201 1630 264 1680 libri.
282 1633 350 1688 bene,
366 1631 450 1681 ultima
464 1629 588 1697 producta.
606 1637 633 1678 ut
642 1629 697 1678 Art.

203 1705 259 1754 Am.
271 1705 289 1753 i.
301 1708 359 1754 222.

235 1779 267 1827 Et
276 1797 324 1843 quar
334 1782 446 1838 unieris,
456 1789 484 1827 ut
494 1780 547 1827 berre
557 1787 610 1826 nota
620 1777 691 1843 roser.

202 1852 304 1901 Metam.
317 1870 342 1901 x.
354 1854 412 1903 560.

234 1926 341 1975 Forsitan
350 1929 450 1976 nuderis
465 1926 565 1988 oliqtrarrr
577 1928 697 1974 certamine

266 2018 346 2049 corsus

237 2073 323 2122 Vstoees
332 2090 444 2136 superaras
454 2076 521 2123 viror.

201 2145 308 2196 similiter
324 2147 350 2196 in
365 2149 461 2204 dederis,
472 2149 560 2202 tulerit,
571 2146 628 2197 alibi
644 2163 697 2212 pro·

202 2219 270 2268 duxit
286 2220 403 2270 ultimam.
420 2221 480 2270 ratio
490 2229 534 2278 est,
545 2220 609 2284 quod
625 2220 697 2269 inter·

201 2292 258 2342 dum
273 2303 381 2359 quartam
396 2294 512 2360 syllabam
528 2293 697 2361 producebant,

201 2366 226 2417 in
242 2372 372 2427 meciaritir,
384 2378 409 2418 et
425 2371 553 2424 nardiers'tir,
569 2368 696 2418 similibus-

201 2458 257 2507 que.
275 2443 339 2508 quod
355 2460 401 2492 non
412 2443 472 2492 vidit
482 2443 521 2493 cl.
533 2443 577 2492 Vir
593 2441 695 2492 Gernrd.

201 2516 306 2574 Vossius,
331 2518 373 2583 qui
400 2517 424 2565 in
444 2534 515 2582 opere
536 2518 696 2568 Grammatico

199 2590 319 2657 complura
326 2590 436 2656 exempla
446 2590 506 2639 banc
517 2590 542 2639 in
552 2607 601 2638 rem
608 2590 695 2640 adfert.

199 2663 271 2713 Plura
287 2664 340 2713 loca
354 2663 458 2712 animum
476 2663 608 2712 intendenti
625 2663 695 2711 facile

199 2743 248 2786 tam
259 2736 323 2803 apud
334 2737 457 2792 Nostrum,
469 2753 541 2801 quam
552 2737 610 2785 alios
625 2734 696 2802 primi

199 2810 289 2859 ordinis
309 2811 396 2858 Poiitas
422 2808 461 2858 bic
488 2809 538 2858 illic
562 2817 694 2858 occurrent.

199 2884 289 2934 Statius
314 2883 444 2949 prasertim
470 2883 579 2947 frequens
608 2893 644 2932 est
670 2883 695 2933 in

199 2958 274 3007 hisce.
307 2956 420 3005 Similiter
434 2955 459 3005 in
476 2960 596 3014 tentoritis,
607 2959 695 3012 dederi-

199 3037 238 3091 ris,
259 3034 415 3094 praemreron,
435 3031 562 3096 absumtis,
582 3034 694 3089 aseritis,

198 3109 351 3162 reddideritis,
371 3106 515 3160 mansa,
537 3104 630 3153 tertiam
653 3113 695 3153 eut

199 3190 307 3247 quartam
317 3181 433 3253 syllabam
449 3180 567 3230 interdum
581 3179 695 3245 produce·

198 3258 265 3306 bant.
287 3256 335 3305 imo
355 3255 374 3304 si
393 3255 490 3305 Valerio
506 3255 583 3303 Probo
596 3255 694 3303 creden·

198 3330 264 3388 dum,
275 3338 360 3380 ustura
373 3332 467 3395 longam
481 3328 563 3378 haberi
579 3329 694 3393 syllabam

198 3405 259 3454 banc
280 3411 381 3469 oportet.
408 3404 430 3452 is
450 3402 507 3453 artis
528 3402 694 3452 Grammatico

197 3477 257 3526 libro
277 3477 352 3543 primo
373 3493 429 3543 pag.
450 3478 522 3525 1⁴33.
539 3476 606 3525 mit.
625 3476 693 3525 Puta.

198 3550 257 3599 Sunt
277 3552 357 3613 atqie
374 3552 463 3614 sylaeo
483 3552 545 3614 opud
563 3549 693 3616 Virgilium,

197 3644 245 3690 qno
254 3627 383 3674 mretritots
392 3629 486 3674 metrico
500 3643 551 3674 nrm
566 3628 620 3673 uitio
629 3626 693 3691 βαρ-

197 3699 329 3765 βαρισμοῦ,
339 3701 379 3762 qai
388 3702 450 3761 opud
459 3699 539 3747 Po'e'tas
548 3701 693 3764 μεταπλασ-

197 3776 244 3839 μὸς
258 3774 394 3837 appellatur,
405 3782 484 3820 contro
497 3776 606 3820 rationem
619 3777 691 3821 con-i·

195 3852 301 3910 piantur,
317 3857 371 3895 sunt
386 3849 474 3909 oliqrsa,
490 3863 537 3909 quc
553 3864 605 3895 com
620 3849 693 3896 meres

195 3925 250 3977 rint,
267 3924 388 3969 necamrio
407 3923 582 3983 producuntur3
608 3925 633 3970 in
651 3924 692 3981 bis,

199 3995 273 4043 Matri
284 3996 351 4060 longo
361 3997 437 4044 decem
450 3997 563 4054 tulerunt,
572 3997 613 4056 dre.
631 4001 692 4055 item,

199 4064 476 4132 obreptionemque
493 4086 565 4127 conta,
582 4079 606 4118 te
621 4073 692 4133 sylla·

197 4143 248 4191 bom
258 4143 348 4207 longam
357 4145 383 4189 iss
390 4144 560 4204 noboeorripit.
570 4146 623 4191 itam
631 4144 691 4207 Ege·

198 4216 603 4274 montemtremitum
610 4233 694 4266 ware

747 1638 779 1677 ert
784 1647 793 1687 ,·
810 1628 948 1694 risyllobom
959 1631 1048 1696 longara
1061 1632 1163 1694 corripit.
1181 1631 1243 1681 Nos·

747 1709 783 1751 ter
793 1701 836 1752 lr'b.
845 1703 879 1751 ri.
913 1704 1015 1752 Metam.
1026 1706 1095 1753 ot'tarrr
1104 1707 1243 1754 dederitisirr

746 1779 824 1826 undo.
858 1778 1009 1827 Ponticorum
1019 1777 1063 1826 lib.
1075 1777 1109 1828 ir.
1141 1779 1182 1828 Fl-
1193 1797 1217 1830 r.

781 1851 883 1902 &molis
891 1863 919 1900 ut
930 1855 997 1902 timer
1005 1855 1153 1919 contigeritis,
1163 1858 1216 1904 erit.

746 1924 811 1973 Ibid.

781 1999 838 2048 Cum
848 2003 917 2049 moris
925 1998 986 2049 Ionii
997 2004 1132 2051 tromieritis
1141 2019 1219 2066 maor.

747 2072 786 2122 Sic
796 2077 906 2124 oderimus
915 2085 938 2123 et
952 2078 1036 2124 erimus
1045 2076 1115 2124 tertie
1125 2084 1149 2125 et
1159 2092 1242 2126 secun·

747 2147 779 2196 da
794 2147 908 2214 producta
924 2149 987 2215 apud
998 2150 1124 2200 Paulinum
1139 2141 1243 2199 carmine

747 2221 864 2287 Sapphico
874 2221 906 2271 ad
916 2222 1042 2271 Nicetam:

780 2296 812 2344 Et
821 2299 875 2360 quio
885 2300 987 2359 rpssjam
994 2299 1086 2359 rapitur
1096 2300 1194 2355 urendi,

782 2369 854 2436 Urget
862 2370 973 2435 adsertor,
983 2370 1165 2435 placitissima,

777 2442 831 2492 dam
841 2447 888 2493 vias
897 2446 951 2492 idas
960 2446 1013 2492 licet
1023 2443 1142 2500 οὰήπιω,

885 2518 940 2572 Quo
950 2520 1045 2581 rapiunt
1056 2527 1086 2565 te.

745 2590 776 2638 Et
786 2598 869 2655 postea
878 2590 961 2640 eodem
972 2590 1088 2640 carmine:

778 2665 872 2728 Quoque
881 2667 1006 2720 contendes,
1016 2668 1104 2713 comites
1111 2662 1194 2713 mimas

895 2740 994 2788 AElhml
1002 2755 1065 2789 amo

746 2810 880 2873 Creperr'mus
894 2813 946 2877 pari
962 2811 1030 2861 modo
1047 2818 1072 2860 et
1086 2814 1244 2863 summm

745 2884 809 2950 apud
818 2886 987 2935 Terentianum
997 2887 1118 2935 Maurum.
1130 2886 1163 2935 sic
1174 2905 1240 2937 noos-

744 2961 823 3015 rimos,
831 2959 895 3024 apud
903 2959 1058 3009 Prudentium
1068 2959 1204 3027 praefatione
1215 2962 1240 3012 in

744 3032 916 3097 Psychomach.
949 3032 1029 3098 Atque
1048 3033 1100 3082 brec
1120 3033 1152 3083 ad
1175 3035 1240 3086 bunc

744 3107 832 3156 locum.
847 3110 930 3171 posint
943 3108 1015 3157 etiam
1027 3124 1068 3173 pro
1077 3118 1163 3170 posteat
1173 3108 1239 3160 meli·

744 3197 795 3230 ores
805 3181 869 3230 libri.
903 3182 994 3230 Hnrrrs.

776 3258 818 3305 54.
838 3258 893 3304 Tam
910 3257 988 3320 mole]
1008 3255 1138 3306 Vaticanus
1154 3264 1178 3306 et
1192 3257 1238 3306 Io·

744 3331 868 3388 raniensis,
884 3350 950 3395 quom
967 3332 1032 3387 mols,
1043 3340 1070 3379 ut
1085 3347 1128 3398 per
1143 3331 1240 3382 interro-

743 3405 860 3469 gationem
872 3407 974 3470 legatur.
1007 3403 1120 3455 Frandus
1135 3406 1239 3455 malebat

743 3479 793 3528 sine
815 3480 1004 3544 interrogatione,
1022 3490 1115 3542 serem
1135 3484 1198 3529 toties
1219 3491 1241 3530 te

743 3555 801 3602 male
810 3557 881 3602 eredit
890 3572 960 3617 aqua,
972 3553 1018 3610 vel,
1028 3572 1095 3616 quom
1105 3556 1158 3602 berre
1167 3557 1240 3603 credis

742 3631 820 3691 aqua?
837 3630 924 3677 Bonis.

774 3704 813 3750 59.
832 3702 893 3755 Quia
903 3712 974 3750 mater
984 3718 1092 3756 nmmum,
1105 3701 1176 3748 Nudo
1191 3702 1237 3764 ey-

742 3776 847 3823 therr'ocis
857 3775 1002 3840 editosertor
1014 3774 1100 3836 aquia]
1120 3773 1149 3821 Iu
1159 3774 1236 3838 Epist.

742 3849 772 3897 ad
783 3850 913 3898 Helenam:

775 3923 803 3972 ln
815 3940 876 3972 more
886 3924 934 3988 (nil
950 3920 1046 3983 minam)
1055 3923 1098 3981 jus
1113 3920 1176 3967 tate
1187 3930 1238 3968 orto

805 4016 873 4046 nrorr.

742 4070 875 4121 Ausonius:
901 4070 960 4116 Orto
979 4069 1045 4123 mori,
1065 4075 1164 4129 sarepta
1184 4068 1236 4125 solo,

743 4144 789 4192 dte.
806 4145 878 4193 Cror.

789 4297 838 4345 Ga
