2896 4980
506 378 766 446 HEROIDES.
790 379 860 444 ΕΡ.
879 378 947 445 ΙΧ.
1176 372 1247 449 '111

140 548 145 588 ³
205 548 384 652 Aucupor
401 551 529 627 infelix
548 554 699 627 incertae
717 578 907 628 murmura
923 552 1053 629 famae:

142 752 146 765 Ι
255 667 410 767 Speque
427 670 537 743 timor
554 669 680 752 dubia,
700 694 863 768 spesque
882 670 1013 744 timore
1031 671 1143 745 cadit.

205 780 330 858 Mater
347 786 475 873 abest;
505 786 750 883 queriturque
770 786 852 860 Deo
871 789 1056 885 placuisse
1079 790 1244 886 potenti;

255 898 337 973 Nec
356 911 463 998 puter
480 900 743 998 Amphitryon,
764 926 832 975 nec
851 927 943 1000 puer
961 901 1098 1000 Hyllus
1117 905 1235 977 adest.

203 1010 353 1089 Arbiter
372 1015 607 1113 Eurystheus
625 1016 689 1088 irae
706 1015 730 1089 J
733 1018 865 1090 unonis
884 1017 1021 1114 iniquae
1196 1024 1245 1093 45

255 1130 423 1205 Sentitur
440 1132 559 1218 nobis,
580 1132 710 1229 iraque
728 1134 840 1230 longa
858 1133 963 1206 Deae.

207 1242 299 1319 Haec
335 1247 426 1319 mihi
461 1245 556 1320 ferre
599 1271 731 1345 parum
766 1260 844 1322 est:
890 1249 1105 1347 peregrinos
1140 1249 1247 1323 addis

256 1360 306 1434 Et
324 1374 444 1436 mater
461 1363 509 1437 de
527 1374 565 1436 te
584 1365 763 1461 quaelibet
780 1389 862 1437 esse
881 1375 1017 1460 potest.
1064 1367 1244 1460 [amoresz

207 1474 293 1553 Non
310 1503 382 1576 ego
401 1480 614 1554 Partheniis
632 1492 851 1554 temeratam
868 1480 1025 1552 vallibus
1043 1481 1190 1577 Augen,

255 1591 291 1665 N
295 1618 338 1668 ec
358 1595 514 1669 referam
533 1606 675 1694 partuS,
697 1594 850 1667 Ormeni
868 1596 1047 1693 nympha,
1066 1605 1170 1670 tuos:
1197 1601 1247 1670 50

202 1702 291 1782 Non
305 1711 378 1784 ⁴tihi
390 1712 539 1786 'crimen
557 1724 667 1787 erunt
683 1710 929 1784 Theutrantia
945 1709 1055 1785 turbu
1072 1734 1238 1786 sorores:

253 1823 421 1910 Quarum
439 1829 486 1901 de
505 1829 644 1927 populo
660 1828 762 1901 nulla
778 1827 909 1901 relicta
925 1826 1006 1900 tibi.

233 2132 335 2186 Pellibus
354 2139 460 2187 imtthait
480 2140 558 2187 stratis
576 2154 700 2202 ambosque
750 2137 796 2186 Sed
807 2137 852 2186 hac
863 2136 893 2185 de
904 2150 929 2184 re
940 2133 1056 2184 videndus
1066 2144 1102 2184 est
1109 2134 1247 2185 Aristoteles

262 2212 352 2271 petiuit.
749 2212 792 2260 lib.
804 2211 831 2259 ii.
850 2210 1013 2259 Rhetoricum.
1030 2210 1166 2260 Croesuus.
1201 2212 1245 2260 Ca·

203 2280 340 2333 Medicinam
356 2287 439 2333 somnio
453 2296 528 2349 petere
543 2283 604 2333 dixit
621 2287 698 2344 Quar·
748 2288 807 2334 dunt
818 2302 878 2333 uuus
889 2284 1030 2333 Vaticanus.

202 2354 254 2406 tilln
270 2357 332 2423 npnd
344 2359 492 2407 Petronium:
512 2359 554 2407 sed
565 2359 622 2423 quia
638 2375 697 2425 prse-
781 2362 822 2408 43.
841 2358 940 2421 Maron]
958 2358 1055 2407 Scilicet
1070 2366 1112 2406 tua
1121 2359 1245 2409 Alcmena.

200 2430 271 2480 cessit
283 2435 448 2496 simulacraque
465 2436 544 2482 isonia
563 2437 641 2489 somni,
657 2450 696 2482 ac·
748 2435 805 2482 Erat
820 2432 882 2481 enirn
896 2433 1011 2482 Deianira
1026 2433 1193 2498 inTrachyne‚
1204 2435 1245 2483 ubi

201 2504 295 2568 quiesco
321 2507 480 2556 emendationi
507 2507 652 2564 Heinsianae,
673 2517 698 2556 et
747 2505 854 2570 regnavit
872 2507 940 2565 Ceix,
959 2506 1053 2571 quando
1071 2506 1164 2572 scripsit
1183 2507 1245 2557 hanc

200 2577 305 2644 intelligo
314 2579 344 2630 de
352 2581 471 2630 ominibus
481 2597 522 2646 per
531 2582 622 2645 magica
632 2598 698 2630 sacra
748 2581 881 2645 epistolam.

200 2653 288 2718 petitis.
305 2670 351 2703 nox
363 2654 426 2702 eninr
437 2665 636 2720 erroneosque
648 2670 697 2704 ma·
781 2657 822 2703 45.
840 2656 931 2702 Arbiter
943 2652 1083 2715 Eurystheus
1093 2655 1192 2701 sentitur
1202 2672 1244 2703 no-

200 2726 245 2790 gis
267 2727 421 2793 impenditur.
449 2737 476 2776 ut
496 2729 586 2777 Statius
604 2745 698 2794 quoque
748 2729 788 2785 bis,
807 2727 866 2790 δια]
892 2728 948 2774 Non
964 2735 1056 2775 tantum
1075 2727 1132 2790 quia
1148 2727 1246 2777 Herculi

200 2810 270 2851 vocat
279 2819 305 2851 x.
314 2802 457 2852 rhenano.
466 2803 698 2866 quamValer.I·'lac.
748 2803 840 2851 labores
856 2802 995 2866 imperabat,
1005 2801 1047 2849 sed
1066 2810 1090 2848 et
1102 2801 1158 2864 quia
1173 2810 1247 2851 totam

201 2873 305 2926 vinco.
322 2893 411 2926 weram
427 2876 497 2924 dixit.
510 2876 560 2926 vid.
575 2876 697 2926 ndValer.
748 2877 799 2940 ejus
820 2874 934 2923 familiam
959 2875 1151 2938 persequebatur.
1183 2874 1248 2925 Hinc

199 2947 265 3002 nse.
276 2950 310 3000 ri.
327 2952 385 3000 477.
407 2960 523 3018 preterea
540 2952 653 3000 Heinsius
669 2953 699 3000 ad
748 2947 864 3011 estquod
875 2947 935 2995 alios
944 2947 991 2996 alio
1001 2947 1152 3012 &pensent
1162 2947 1246 3015 disjec-

201 3023 437 3074 xiii-Metam.llh.
456 3024 495 3074 hic
511 3025 659 3088 monent,(ut
675 3032 699 3073 et
748 3029 784 3068 tos
794 3020 862 3069 dicit.
895 3021 991 3068 Mrcrn.

199 3097 330 3164 conjecerat
339 3097 561 3158 Slichtenhorstius)
572 3096 698 3161 legendum
781 3095 822 3143 46.
835 3095 960 3158 Sentitur]
974 3095 1065 3143 Elli'cax
1075 3096 1183 3144 verbum.
1195 3095 1245 3146 vid.

200 3185 250 3220 ease
260 3171 391 3221 contendit.
410 3172 474 3236 quod
491 3188 535 3235 ego
545 3169 698 3219 sollicitudini
748 3169 778 3217 ad
789 3169 885 3218 Petrou.
898 3185 952 3235 cap.
966 3169 1020 3218 139.

199 3252 223 3293 et
229 3244 354 3310 iactationi
365 3247 491 3309 convenire
503 3245 581 3293 minus
592 3253 696 3310 puto‚nc
781 3243 864 3307 iraque
890 3246 957 3308 longa
980 3244 1034 3292 Dec
1057 3242 1109 3306 est]
1136 3243 1175 3292 Sic
1203 3243 1247 3293 uli-

198 3329 291 3377 mur,
310 3320 375 3384 quod
392 3328 428 3369 est
446 3321 550 3375 turbant,
568 3328 592 3366 et
603 3327 697 3366 vexant.
747 3319 771 3367 bi
789 3318 852 3368 idern
870 3318 958 3368 Poeta:
976 3320 1013 3367 Aa
1029 3321 1100 3368 neseis
1117 3319 1195 3383 longas
1210 3335 1246 3368 re·

197 3394 344 3457 pretereain
355 3393 421 3443 nullo
431 3393 491 3441 libro
502 3401 590 3439 monent
606 3399 698 3439 exstare
746 3395 812 3457 gibos
830 3409 874 3442 esse
889 3395 984 3441 manns?
1001 3409 1026 3456 q.
1038 3393 1063 3440 d.
1081 3392 1157 3457 ipsam
1171 3392 1246 3441 Juno·

198 3464 352 3533 deprehendi.
387 3467 510 3532 Crispinus
527 3465 565 3514 bic
576 3464 621 3514 sibi
632 3482 697 3530 egre-
748 3481 801 3514 nem
821 3466 893 3514 etiam
913 3475 980 3514 extra
998 3464 1124 3531 Eurysthei
1147 3481 1246 3529 regnum

198 3537 237 3603 gie
252 3538 339 3606 placet,
351 3539 392 3605 qui
411 3540 515 3605 explicat
528 3543 609 3601 petita,
625 3556 695 3588 exeo·
748 3541 856 3606 persequi
866 3541 938 3605 ipsos.
972 3541 1032 3589 Sunt
1042 3549 1130 3596 tamen,
1139 3541 1180 3604 qui
1190 3540 1247 3589 scri·

196 3610 279 3677 gina,
289 3617 407 3670 etunius,
418 3612 502 3662 inanes
512 3630 541 3662 ex
553 3612 698 3678 quibuslibet
747 3614 814 3670 bant,
834 3616 903 3670 bata,
920 3630 962 3678 pro
980 3614 1063 3678 longa:
1087 3614 1168 3670 nteit,
1185 3616 1247 3662 lerata

196 3686 266 3735 rebus
283 3694 411 3752 conceptas
431 3703 473 3751 per
494 3696 587 3735 noctem
606 3686 696 3750 cogita·
747 3687 934 3751 iradictumprc
946 3687 1064 3736 diuturna.
1097 3687 1193 3735 Mrem.

197 3757 350 3817 tionemntex
361 3762 430 3810 abaci
441 3761 541 3825 crepitu,
549 3761 595 3810 bre.
608 3762 697 3809 Eunu.
780 3762 820 3809 48.
838 3761 916 3809 hister
929 3761 1054 3824 qualibet]
1075 3758 1178 3807 Imitatio
1189 3759 1246 3806 Pro·

229 3833 270 3881 ⁴2.
288 3833 373 3898 Speque
389 3837 456 3882 timor
473 3837 551 3886 dubio.
561 3852 650 3898 spesque
665 3838 695 3882 ti·
747 3834 832 3899 pertii:

196 3907 352 3970 meddin]
371 3907 445 3957 Scite.
481 3908 544 3956 Nam
560 3909 627 3957 nulla
643 3925 697 3974 spes
782 3906 1244 3970 Etdemcpoterotquiliheterseloyucz.

196 3979 293 4030 utine
304 3981 395 4038 umore,
407 3981 488 4031 nullus
498 3983 566 4030 timor
582 3983 633 4032 sine
643 3999 694 4048 spe.
1112 3980 1211 4028 Douzs.

196 4050 232 4103 nie
240 4052 301 4103 libro
311 4062 336 4103 et
345 4054 425 4120 elegia
435 4055 452 4104 i.
463 4056 588 4104 Tristium:
778 4058 820 4106 bl.
840 4057 992 4105 lhentrontia
1003 4052 1095 4115 turha]
1112 4054 1167 4102 Non
1179 4054 1246 4103 Thes·

228 4125 292 4177 Nn
311 4145 359 4192 spes
377 4139 409 4179 eat
430 4133 505 4178 animo
525 4140 603 4180 nostra
619 4132 697 4177 timore
748 4133 809 4187 titia,
832 4142 873 4179 aut
897 4130 1012 4192 lhespicia
1039 4127 1165 4192 legendum
1186 4144 1247 4187 esse

260 4203 345 4252 nitor.
749 4203 806 4255 lacit
816 4221 871 4255 cum
886 4203 946 4253 illud
957 4220 972 4251 a
981 4202 1099 4253 Politiano
1115 4201 1245 4262 inventum,
