2896 4980
196 378 241 443 04
485 376 527 443 P.
549 374 709 442 OVIDII
733 372 944 441 NASONIS

200 552 365 652 Respice
382 551 576 627 sollicitam
596 550 780 637 Briseida,
798 550 902 623 sortis
920 543 1088 633 Achille3
1173 544 1245 631 137

251 668 335 743 Nec
352 669 524 744 miseram
541 671 644 743 lenta
659 667 800 742 ferreus
819 689 884 739 ure
900 686 1017 737 mora.

199 783 288 872 Aut,
306 785 339 858 si
355 809 482 860 versus
500 809 603 860 amor
619 795 707 859 tuus
723 794 783 858 est
799 783 837 855 in
854 780 967 854 taedia
982 775 1121 864 nostri;

251 900 374 986 Quam
391 902 470 976 sine
487 912 526 976 te
544 901 647 997 cogis
663 900 797 984 vivere,
816 921 909 993 coge
927 894 1033 968 mori.
1173 893 1250 963 140

202 1015 331 1114 thue
347 1017 452 1104 lacis,
469 1041 597 1114 coges.
616 1016 708 1089 abiit
723 1037 935 1112 corpusque
953 1012 1143 1105 colorque.

251 1133 422 1208 Sustinet
438 1136 509 1208 hoc
527 1133 660 1207 animae
677 1156 764 1231 spes
781 1143 909 1204 tamen
927 1151 1002 1202 una
1018 1126 1085 1199 tui.

197 1248 285 1334 Qua
301 1250 333 1323 si
351 1250 546 1336 destituor,
561 1261 728 1348 repetam
745 1248 956 1344 fratresque
971 1245 1191 1338 virumque:

250 1365 333 1440 Nec
351 1366 419 1440 tibi
436 1365 674 1462 magnifieum
692 1364 829 1438 semina
841 1365 949 1461 jussa
966 1359 1071 1433 mori.

198 1482 280 1555 Cur
297 1492 423 1555 autem
435 1482 597 1579 jubeas?
615 1481 743 1554 stricto
761 1490 848 1579 pete
866 1501 1023 1577 corpora
1038 1474 1148 1548 serro.
1172 1476 1248 1547 145

251 1596 322 1669 Est
338 1598 442 1684 mihi,
461 1598 525 1696 qui
543 1598 643 1671 sosso
660 1608 812 1696 pectore
829 1595 983 1692 sanguis
1000 1602 1074 1666 eat.

200 1710 268 1784 Me
285 1724 390 1811 petat
406 1714 468 1788 ille
484 1725 583 1799 tuuS,
603 1715 681 1812 qui,
700 1715 731 1787 si
751 1714 835 1788 Dea
851 1736 965 1813 passa
979 1710 1123 1792 fuisset,

251 1825 364 1901 Ensis
381 1830 419 1902 in
435 1829 577 1903 Atridae
596 1843 727 1929 pectus
745 1831 863 1927 iturus
873 1841 969 1937 erat.

200 1940 262 2016 Ah
279 1944 403 2043 potius
420 1970 544 2052 serves
562 1957 738 2057 nostrqqr,
756 1928 826 2047 tua'
838 1944 1004 2032 munera,
1022 1943 1149 2015 vitum.

250 2058 362 2144 Quod
378 2061 536 2136 dederas
553 2052 653 2159 hosti
669 2064 797 2151 victor,
816 2065 938 2138 amica
949 2083 1051 2158 rogo.
1171 2059 1248 2130 150

200 2173 366 2251 Perdere
382 2202 477 2274 quos
495 2177 627 2252 melius
644 2179 779 2278 possis,
800 2179 994 2278 Neptunia
1009 2174 1182 2275 praebent

252 2291 448 2388 Pergama.
482 2294 675 2368 materiam
693 2295 807 2369 caedis
825 2297 872 2369 ab
891 2299 998 2372 hoste
1016 2301 1116 2391 pete.

201 2406 268 2483 Me
285 2409 409 2495 mod0‚
427 2409 505 2483 sive
523 2434 632 2508 paras
649 2412 840 2512 impellere
859 2412 997 2508 remige
1016 2410 1191 2494 classem,

251 2524 339 2599 Sive
356 2550 498 2614 manes,
517 2527 656 2600 domini
669 2531 754 2627 jure
771 2530 896 2603 venire
909 2529 1015 2627 jube.

198 2798 495 2864 —Ve'tatoquetrmitin
506 2819 580 2852 m.
746 2820 868 2862 verumne
877 2807 930 2853 mei.
948 2803 1087 2852 Crorauus.
1105 2803 1183 2850 Animi
1198 2819 1248 2866 epea

199 2870 249 2921 Ubi
259 2872 330 2923 etiam
340 2873 381 2923 ulii
391 2875 669 2928 au.iii.Ast.nm.419.
746 2889 821 2928 tanim
838 2896 887 2927 unu
904 2881 947 2926 mei
967 2886 1069 2943 quatuor
1086 2875 1151 2925 libri.
1170 2877 1246 2928 etim

231 2946 262 2995 la
272 2951 354 2999 nubae
364 2951 418 3010 lupo
429 2953 502 3000 tendit
512 2968 567 3001 oret.
745 2954 820 3012 beue3
838 2955 930 3002 Lucan.
938 2970 962 3001 x.
970 2954 1011 3001 68.

197 3019 216 3069 i·
227 3019 281 3069 Ari·
292 3022 335 3070 97·
778 3029 828 3077 Hoc
837 3033 908 3077 animi
917 3046 961 3076 noa
971 3046 1017 3075 rana
1027 3029 1100 3075 dedit.

230 3096 267 3143 sic
277 3098 326 3145 iaie
335 3099 361 3144 in
371 3098 464 3146 metm
479 3098 695 3165 cultissimofamina
745 3103 798 3151 Nisi
809 3104 878 3151 malis
892 3106 972 3151 anime
986 3118 1047 3150 mee.
1056 3109 1081 3150 et
1091 3116 1145 3149 mox
1157 3099 1211 3154 Qua
1226 3105 1248 3151 π’

263 3169 335 3217 Μ’·
744 3180 860 3233 destituor,
866 3194 907 3242 pro
917 3179 1030 3226 destituar
1040 3176 1176 3224 Puteaueus
1190 3175 1245 3224 elii·

199 3239 229 3289 ln
246 3240 332 3305 quibus
348 3242 457 3292 omnibus
471 3243 543 3292 etiam
558 3249 589 3293 ad
606 3246 697 3295 habent
744 3268 791 3316 que
799 3252 915 3301 nonnulli.
929 3253 1020 3300 Herse.
1039 3250 1244 3316 Vid.sup.v.60.

198 3313 292 3363 codices
301 3313 405 3379 plurimi.
439 3317 528 3366 Bunrr.
780 3327 834 3373 147.
852 3327 876 3373 st
888 3327 938 3374 Dea
952 3325 1038 3388 pom]
1057 3325 1156 3372 Homer.
1169 3322 1245 3375 Iliad.

233 3388 288 3437 142.
305 3387 428 3454 Similes]
447 3390 477 3439 In
487 3389 581 3439 Aldinis
594 3390 692 3454 legitur:
745 3418 771 3448 a.
783 3417 806 3447 v.
818 3401 870 3448 197.

198 3461 299 3510 Sustinet
310 3462 350 3511 loc
359 3466 439 3512 anim
449 3480 496 3527 spa
505 3473 579 3511 tumen
590 3482 636 3512 rana
648 3469 693 3514 tui.
778 3477 830 3533 gfff,
841 3472 861 3522 δ’
872 3475 967 3529 ὄπιθεν,
975 3474 1071 3535 ξανθῆς
1081 3472 1105 3521 δὲ
1117 3472 1195 3537 κόμης
1204 3471 1247 3524 a,

197 3535 264 3585 nteit
274 3535 414 3583 dictumloc
427 3540 557 3601 animaepro
568 3537 628 3586 hane
642 3539 693 3587 ani-
810 3548 952 3607 Πηλείωνα,
1212 3570 1217 3579 .

197 3623 271 3658 mam.
282 3607 326 3656 hoc
341 3623 419 3665 sensu.
429 3625 477 3656 1¹11&
493 3616 572 3657 tmen
582 3626 636 3675 ⁸1>OE
652 3611 694 3668 lui.
745 3618 784 3667 Ad
795 3620 858 3683 quod
869 3620 974 3669 alludere
987 3620 1080 3669 videtur
1098 3619 1179 3668 Plaut.
1187 3619 1246 3670 Me-

196 3682 247 3733 tire
257 3697 330 3748 quam
343 3681 374 3730 de
391 3691 414 3731 te
429 3682 505 3732 habeo
519 3683 619 3733 sustinet
633 3685 695 3735 bunc
745 3693 847 3742 naechrn.
856 3697 880 3743 5.
889 3697 914 3743 2.

197 3755 309 3812 animam,
320 3755 365 3804 hoc
375 3763 412 3805 est
427 3756 500 3805 vitam
516 3772 601 3815 meam,
612 3760 696 3808 ceteris
778 3769 822 3815 Sed
832 3773 881 3830 quir
897 3772 933 3817 lic
947 3780 987 3826 est,
997 3772 1037 3833 qui
1047 3786 1082 3818 me
1096 3768 1179 3830 capillo
1189 3770 1245 3820 hine

196 3838 224 3879 ut
234 3845 330 3895 corpore
344 3838 369 3878 et
382 3829 459 3879 colore
470 3830 644 3882 delabentibus.
659 3843 696 3883 est
810 3843 837 3888 de
847 3859 919 3890 eram
928 3846 1020 3904 deripit.

196 3912 277 3953 autem
288 3913 452 3970 argumentum
462 3905 575 3971 Epistola
587 3907 656 3973 hujus
666 3925 696 3957 ex
745 3915 856 3965 Eustath.
877 3916 937 3965 hanc
959 3917 1095 3982 allegoriam
1113 3916 1144 3965 ad
1162 3915 1245 3965 Plato·

196 3995 259 4029 nono
284 3979 383 4031 Iliados.
403 3982 444 4039 30,
461 3996 509 4045 quo
528 3981 611 4031 eodem
636 3983 696 4032 libro
745 4005 800 4038 nem
816 3990 895 4046 refert,
906 4000 931 4039 et
948 3993 997 4052 τὴν
1008 3990 1069 4058 παρ’
1085 3991 1155 4055 αὐτῷ
1169 3987 1245 4054 dnl-

196 4053 268 4103 etiam
279 4056 391 4120 pleraque
403 4055 456 4105 loca
467 4055 606 4115 difficiliora,
617 4057 636 4106 si
648 4074 697 4124 qua
746 4082 828 4122 volan,
839 4067 880 4114 καὶ
896 4066 1031 4129 :semels
1044 4064 1186 4130 οὐράνωσιν
1205 4062 1243 4112 iu·

197 4126 586 4196 herneinnapliwipotemnt
596 4132 695 4182 Mrem·
745 4138 841 4203 telligit.
876 4139 946 4198 Quod
964 4149 989 4190 et
1003 4139 1130 4192 eamean
1146 4139 1172 4187 in
1188 4140 1243 4202 μῦ·

198 4216 255 4252 nua.
285 4203 338 4254 Una
358 4208 404 4254 tui.
422 4205 570 4269 Vaticanum
592 4207 696 4259 Aldiuus
744 4211 834 4262 verbio.
