2904 4994
482 320 703 393 AMO'RUM.
742 325 832 391 LIB.
854 324 906 391 ΙΙ.
923 321 981 392 11.
1185 328 1251 394 ³78

201 494 300 571 Haec
320 499 382 573 alii
400 491 572 574 reserant.
601 510 640 574 at
652 525 730 587 vos,
743 500 845 598 quod
856 501 1018 597 quisque
1035 500 1247 597 loquentur,

257 613 429 690 Credite:
457 615 624 689 credenti
642 617 743 688 nulla
760 615 925 713 procella
940 627 1064 690 nocet.

204 728 299 803 Sero
317 731 515 829 respicitur
532 731 655 816 telluS,
674 732 739 803 ubi
756 731 845 804 sune
863 732 985 804 soluto

257 845 384 918 Currit
401 847 439 918 in
457 847 680 920 immensum
698 847 823 944 panda
839 845 966 919 carina
982 847 1114 920 salum.

142 1021 146 1027 .
203 959 343 1035 Navita
359 961 539 1035 sollicitus
553 963 631 1058 quai
646 971 775 1034 ventos
794 961 918 1034 horret
934 961 1096 1058 iniquos,
1198 965 1247 1034 25

255 1074 307 1150 Et
322 1101 439 1175 prope
453 1088 529 1150 tam
546 1077 676 1164 letum,
692 1101 806 1173 quam
825 1101 942 1175 prope
959 1078 1079 1151 cernit
1095 1100 1245 1174 aquam.

203 1189 332 1276 Quid?
358 1193 390 1265 si
407 1217 609 1266 concussas
625 1193 753 1267 Triton
771 1205 973 1292 exasperet
989 1194 1133 1267 undas?

255 1305 378 1391 Quam
395 1309 464 1381 tibi
475 1331 580 1382 nunc
598 1318 677 1382 toto
694 1310 818 1383 nullus
836 1311 873 1382 in
891 1335 954 1384 ore
971 1310 1096 1383 color!

202 1420 301 1497 Tum
318 1447 500 1519 generosa
516 1449 627 1498 voces
644 1426 813 1499 fecundae
831 1427 955 1500 sidera
973 1425 1106 1499 Ledae:

255 1537 317 1625 Et,
339 1538 457 1625 Felix,
477 1540 593 1626 dicas,
612 1565 728 1637 quam
745 1566 814 1613 sua
830 1552 928 1615 terra
945 1540 1068 1614 tenet!
1196 1543 1246 1612 30

199 1651 337 1726 Tutius
355 1666 414 1729 est
430 1654 566 1729 fovisse
583 1665 726 1744 torum3
754 1656 891 1752 legisse
907 1656 1076 1743 libellos;

253 1768 464 1843 Threiciam
482 1771 608 1867 digitis
626 1771 857 1868 increpuisse
875 1772 1007 1866 lyram.

201 1881 266 1970 At,
285 1885 316 1956 si
334 1909 430 1958 vana
445 1885 568 1960 ferunt
584 1887 752 1961 volucres
771 1911 856 1960 mea
872 1888 974 1961 dicta
990 1886 1175 1986 procellas,

253 1999 377 2098 AEqua
393 2012 518 2076 tamen
536 2003 655 2100 puppi
673 2004 723 2077 sit
740 2003 899 2078 Galatea
915 2016 1002 2077 tuae.

200 2256 287 2313 agetur
304 2248 334 2298 de
349 2258 449 2316 utraque
459 2252 530 2316 Syrti,
540 2252 581 2317 qui
599 2254 698 2320 scopuli,
815 2255 870 2304 Tum
888 2273 956 2319 prope
971 2272 993 2304 se
1012 2256 1081 2303 mrim
1097 2271 1164 2317 quam
1178 2269 1246 2315 prope

201 2331 229 2371 ut
240 2339 309 2372 nemo
319 2325 402 2382 nescit,
413 2325 578 2390 navigantibus
585 2328 645 2377 adeo
652 2328 697 2377 sor·
843 2333 1012 2392 cerultaquom.

200 2396 317 2447 midaudi.
352 2399 401 2448 Cur
410 2416 457 2449 non
471 2401 543 2465 igitur
558 2402 621 2466 prior
630 2404 697 2452 resti·
750 2403 891 2465 Propcunt
899 2403 975 2468 Epist.
986 2401 1034 2450 uix.
1046 2403 1087 2449 59.
1124 2400 1181 2446 Cum
1192 2415 1245 2446 ven·

201 2477 281 2520 tuctur
291 2472 370 2531 lectio,
749 2485 781 2524 tos
792 2493 846 2526 vero
856 2486 893 2525 est
903 2477 927 2524 in
938 2473 1046 2523 Scriverii
1056 2483 1081 2522 et
1091 2472 1200 2520 Palatino
1211 2471 1245 2518 al·

235 2545 285 2599 Quo
296 2548 383 2596 lateant
393 2546 585 2612 Syrtes-magna,
594 2549 697 2599 minume
747 2559 805 2598 tero.
839 2550 925 2597 Horret
941 2557 1020 2596 autern
1034 2554 1070 2594 est
1081 2561 1135 2594 cum
1152 2546 1245 2592 horrore

263 2624 332 2681 sinu,·
366 2638 369 2643 ’
748 2623 823 2671 audit.
857 2625 947 2671 Bunrs.

201 2702 226 2744 et
244 2695 302 2760 quid
319 2696 358 2745 hic
376 2696 484 2746 Maleum
500 2698 698 2762 promontoriumt
780 2699 822 2747 29.
850 2697 908 2745 Tum
927 2711 1034 2761 generosa
1053 2710 1115 2742 cotes
1126 2693 1244 2758 secunda

201 2769 272 2826 Quod
292 2771 312 2819 si
333 2771 439 2835 Propert.
456 2768 490 2818 iii.
507 2771 577 2834 Eleg.
596 2770 654 2818 xvii.
671 2772 696 2818 7.
746 2773 821 2819 sideru
838 2772 926 2835 Ladm]
953 2771 1009 2817 Non
1023 2768 1116 2818 videtur
1131 2767 1192 2817 hunc
1209 2767 1244 2815 lo-

200 2859 255 2892 cum
263 2843 370 2909 Syrtibus
378 2843 509 2908 conjunxit,
520 2859 568 2892 non
576 2843 646 2891 video
656 2860 698 2892 cur
747 2860 802 2893 cum
818 2844 875 2893 satis
890 2843 1035 2894 intellexisse
1052 2840 1245 2890 Commentator:

201 2917 303 2967 Ovidius
323 2933 427 2983 quoque.
460 2917 541 2966 Sensit
564 2919 696 2967 Burmann.
747 2935 824 2984 neque
835 2918 899 2968 enim
909 2920 985 2967 Poe'ta
994 2918 1024 2965 de
1034 2916 1150 2964 sideribus
1160 2915 1243 2964 Casto

200 3008 245 3040 uec
256 2992 314 3056 quid
329 3002 408 3039 tamen
426 3005 498 3039 ausus
513 2999 548 3038 est
565 2990 697 3048 immutare,
746 2993 778 3041 ris
789 3002 812 3042 et
823 2992 935 3048 Pollucis,
946 3007 999 3056 qua
1014 2989 1039 3038 in
1050 2989 1112 3039 coelo
1124 2989 1242 3046 videntur,

199 3064 470 3129 etvulgstamretinuit.
503 3063 594 3113 Aura.
639 3084 642 3088 ·
747 3065 791 3115 hoc
802 3066 854 3114 loco
864 3065 990 3129 intelligit:
1008 3064 1050 3112 sed
1061 3063 1091 3111 de
1102 3063 1131 3111 iis
1140 3063 1243 3128 ignibus,

231 3141 272 3186 22.
291 3139 398 3186 eredenti
414 3140 481 3186 nullu
495 3141 596 3201 procella
612 3142 696 3204 nocet]
746 3139 788 3204 qui
800 3139 900 3188 navibus
909 3138 1033 3193 intrarent,
1040 3151 1099 3202 quos
1106 3136 1210 3185 Castoris
1221 3149 1245 3186 et

198 3212 302 3260 Mallent
328 3214 436 3274 querenti
456 3212 540 3260 Burro.
565 3222 589 3261 et
610 3213 695 3263 Heius.
746 3213 851 3262 Pollucis
866 3211 959 3261 nomine
976 3221 1054 3259 nauta
1071 3210 1195 3259 invocant:
1212 3211 1243 3261 dc

198 3285 262 3350 quod
277 3284 431 3333 ePuteaueo.
463 3285 510 3334 Sed
527 3286 571 3334 nisi
589 3302 643 3335 mea
658 3302 695 3336 me
746 3288 833 3353 quibus
843 3287 934 3335 Plinius
944 3286 988 3334 lib.
998 3285 1024 3334 ii.
1034 3299 1089 3350 cap.
1098 3285 1176 3334 xxxii.
1192 3286 1242 3334 Mr-

198 3359 261 3408 iallit
270 3359 358 3424 opinio,
367 3361 468 3407 credenti
483 3359 554 3424 longe
564 3360 695 3410 anteferen-
745 3377 802 3410 cru.

197 3435 264 3484 dum.
297 3432 345 3490 Qui
366 3431 430 3481 enim
450 3450 504 3498 qua
531 3434 696 3500 navigantibus
777 3437 819 3484 ³0.
849 3435 941 3498 Quem]
968 3433 1068 3503 Rectius
1094 3432 1143 3490 alii,
1168 3451 1242 3496 pam.

198 3506 606 3574 immineantpcriculauarrautibus
614 3513 695 3567 credit,
744 3509 876 3559 Hrmsrus.
910 3509 957 3557 Suu
974 3519 1101 3557 terrorem
1118 3516 1195 3572 potest
1212 3509 1241 3556 de

197 3593 289 3650 portum
299 3591 371 3637 tenet,
383 3598 459 3647 neque
469 3582 603 3639 committit,
614 3592 640 3632 ut
650 3583 695 3648 ipsi
744 3583 884 3649 patriacapi
893 3601 900 3642 ;
917 3582 959 3630 sed
976 3582 1051 3645 magis
1063 3581 1144 3646 placet
1154 3581 1242 3629 iutelli-

198 3658 318 3723 quondam
343 3659 443 3720 procella
469 3668 556 3706 nocmt.
590 3659 695 3713 Qaaerere
744 3673 798 3721 gere
808 3658 839 3707 de
851 3657 944 3714 tellure,
961 3672 1014 3721 quia
1029 3655 1149 3704 hominurn
1161 3663 1242 3702 ‘mater

197 3732 283 3781 curiosi
314 3739 362 3791 est3
396 3733 487 3780 credere
512 3746 575 3787 vero,
606 3732 692 3780 timidi.
744 3732 919 3788 credita,undc
930 3730 1046 3796 producti,
1057 3737 1081 3777 et
1091 3729 1115 3776 in
1126 3744 1174 3791 qua
1183 3728 1242 3775 erlu-

196 3805 286 3855 Arrun.
744 3806 791 3854 cati
807 3805 924 3854 homines.
957 3804 1005 3850 Sua
1023 3818 1078 3865 ergo
1095 3800 1240 3849 esthomiui·

229 3883 270 3931 25.
290 3881 376 3929 Navita
390 3882 536 3930 sollicitant
551 3892 627 3929 sentos
642 3881 692 3928 lor-
742 3880 788 3928 bus
803 3876 1064 3944 propria,·convenieus
1078 3873 1154 3938 magis
1169 3888 1240 3938 quam

196 3955 253 4019 rot]
272 3956 385 4004 Mallem:
742 3967 817 4001 mare.
852 3953 940 4000 Bunu.

230 4030 318 4080 Navita
328 4031 446 4086 sollicitus,
454 4048 521 4093 quum
533 4040 606 4078 uentos
617 4031 691 4076 horret

292 4107 386 4168 iniquos,
773 4165 846 4211 Rha
