2904 4994
491 316 752 383 HEROIDES.
776 316 846 383 ΕΡ.
864 317 954 383 ΧΧ.
1182 321 1248 387 276

202 492 377 568 Maceror
393 493 594 579 interdum,
614 493 716 590 quod
739 492 810 566 sim
829 493 898 566 tibi
918 514 1053 565 caussa
1064 492 1242 570 dolendit

249 608 381 708 Teque
399 611 485 684 mea
503 610 590 684 laedi
608 608 812 684 calliditate
829 619 933 708 puto.
1173 613 1243 683 126

200 726 246 800 ln
263 733 379 824 c'aput
395 728 476 801 haec
493 735 664 799 nostrum
681 726 842 798 dominae
855 724 1031 824 perjuria,
1050 733 1192 823 queso,

249 840 456 918 Eveniant:
485 843 598 941 poena
616 853 699 917 tuta
715 841 765 915 sit
782 842 846 916 illa
862 840 962 916 med.

200 957 263 1032 Ne
278 969 406 1032 tamen
423 959 604 1056 ignorem,
624 959 716 1057 quid
734 981 846 1055 agas;
876 958 924 1031 ad
941 956 1071 1030 limina
1087 956 1219 1030 crebro

248 1073 409 1160 Anxius,
428 1075 501 1148 huc
519 1077 620 1162 illuc,
639 1075 918 1149 dissimulanter
936 1097 993 1147 eo.
1172 1074 1244 1144 130

200 1189 424 1287 Subsequor
441 1190 615 1264 ancillam
633 1189 760 1263 furtim
778 1188 1017 1274 famulumve,
1033 1187 1233 1287 requirens

218 1325 222 1335 ·
249 1304 464 1379 Profuerint
480 1306 601 1378 somni
619 1305 711 1405 quid
728 1305 810 1392 tibi,
830 1305 969 1403 quidve
985 1303 1074 1377 cibi.

122 1439 131 1523 ζ
200 1418 266 1495 Me
281 1421 474 1494 miserum!
494 1422 596 1519 quod
611 1445 685 1494 non
699 1420 929 1494 medicorum
940 1418 1048 1516 jussa
1061 1417 1242 1502 ministro,

250 1534 475 1652 Effingoque
491 1557 636 1623 manus,
656 1536 876 1633 insideoque
898 1545 992 1608 toro.

201 1647 252 1723 Et
268 1673 395 1724 mrsus
413 1648 606 1726 misemm!
626 1653 741 1749 quod,
757 1674 819 1726 me
835 1651 968 1749 procul
984 1649 1242 1734 inderemus),

250 1765 374 1851 Quem
391 1763 544 1842 minime
559 1767 708 1855 vellem,
726 1767 881 1841 forsitan
899 1767 993 1841 alter
1009 1766 1128 1841 adest.
1170 1760 1241 1837 136

201 1879 270 1956 Ille
288 1904 431 1956 manus
438 1884 530 1957 istas
549 1885 701 1981 effingit,
721 1895 760 1959 et
777 1883 925 1958 adsidet
936 1904 1059 1979 aegrae,

251 1995 400 2072 Invisus
419 1999 588 2097 Superis,
608 2016 695 2074 cum
715 2000 949 2100 Superisque
966 1998 1070 2072 mihi.

202 2110 380 2210 Dumque
398 2138 467 2189 suo
484 2125 606 2190 tentat
623 2117 817 2191 salientem
834 2117 971 2214 pollice
988 2134 1141 2199 venam;

199 2274 204 2284 ·
251 2227 424 2304 Candida
440 2254 507 2330 per
525 2253 698 2308 caussam
716 2232 871 2306 brachia
887 2254 990 2329 soepe
1006 2238 1133 2304 tenet:
1172 2226 1243 2299 140

199 2435 289 2491 ..tta
307 2436 560 2503 morhardum]
578 2440 696 2499 Harant
780 2443 835 2491 130.
854 2437 1051 2501 moimmsen]
1070 2436 1110 2485 Ite
1123 2431 1243 2484 etima,

198 2509 291 2559 Horatii
308 2526 409 2569 versum,
420 2512 495 2562 citam
511 2515 653 2564 membranae
670 2532 695 2564 a·
746 2515 802 2563 Am.
813 2515 869 2564 433.

198 2583 249 2649 pul
264 2584 349 2633 Barth.
360 2585 450 2635 xxxvii.
461 2586 517 2636 edr.
530 2589 571 2637 13.
587 2588 633 2638 nisi
649 2588 694 2638 du·
763 2588 893 2637 hstium
903 2589 998 2636 domine
1008 2584 1179 2633 dissimulanter
1186 2582 1236 2629 adi.

197 2657 254 2723 pler
263 2658 296 2706 ibi
303 2659 439 2725 exemplum
449 2661 562 2712 adtulerit
570 2662 694 2728 glossator:
747 2661 802 2710 Huc
809 2663 869 2710 illua
878 2675 934 2709 vero
944 2666 1011 2708 notat
1020 2654 1244 2712 ambustionem.

198 2730 300 2796 primum
318 2747 348 2781 ex
367 2732 466 2782 Horatio
480 2734 497 2782 i.
514 2733 563 2783 Od.
578 2735 617 2783 13.
633 2735 696 2785 unde
746 2750 800 2800 que
811 2733 999 2784 nonadoertnrn
1015 2733 1094 2782 loonm
1106 2728 1245 2787 instituitur.

198 2803 294 2868 collegit
310 2803 351 2853 ille
367 2806 465 2870 produci
483 2807 592 2872 primam
610 2807 696 2857 deinde
747 2809 789 2857 sed
804 2823 859 2857 cnm
874 2823 938 2874 sepe
952 2807 1036 2857 eadem
1051 2802 1245 2872 spauntscinus,

197 2877 299 2930 alterurn
315 2894 345 2928 ex
364 2879 452 2928 Ovidio
470 2880 615 2946 produxerit,
633 2881 696 2931 nude
747 2890 771 2930 et
787 2881 860 2930 animi
876 2896 960 2930 caussa
978 2889 1070 2929 tanturn
1086 2876 1244 2933 ambulamus,

196 2949 282 3016 corripi
292 2951 414 3017 probarit:
746 2963 774 3004 ut
787 2955 945 3006 ambulemus.
962 2963 990 3003 nt
1005 2952 1069 3020 apud
1082 2953 1178 3002 Terent.
1193 2951 1244 3000 He-

202 3069 206 3078 ,
230 3022 352 3075 Interdum
378 3042 479 3075 maeror
505 3030 564 3090 quod
589 3030 632 3075 sim
656 3030 697 3077 tibi
747 3038 798 3078 ant.
815 3029 852 3079 iii.
872 3030 929 3076 lll.
946 3029 990 3076 su
1007 3027 1175 3076 &ambulatum
1191 3042 1246 3074 rane

261 3114 341 3146 corma
350 3099 440 3147 muna
573 3101 664 3149 Bura.
746 3105 934 3159 tesaurum,
944 3103 1028 3164 procia
1060 3100 1149 3149 Buris.

197 3171 230 3225 Et
244 3170 284 3221 hic
296 3171 382 3219 Noster
392 3171 567 3222 Callimachum
583 3174 697 3239 sequitur,
781 3178 836 3225 134.
853 3178 1004 3240 Astringoqus
1021 3174 1123 3238 mnae]
1143 3172 1244 3240 Effingo-

197 3245 266 3311 cnjns
275 3244 361 3307 fragm.
372 3244 433 3293 inter
450 3245 586 3295 Bentleian.
597 3248 695 3297 ccxxix:
746 3265 788 3312 qus
797 3249 933 3299 Puteenens
942 3255 967 3296 et
984 3247 1025 3296 elii
1040 3261 1128 3311 magno
1139 3261 1245 3304 numero.

202 3316 697 3384 Δῐρος1γώ,τιδὲσοιτόνό’1πιθηκα
747 3323 889 3389 cumprime
897 3321 1010 3381 editione,
1026 3321 1158 3386 eleganter.
1174 3321 1244 3372 etsic

261 3392 355 3456 φόβου
746 3396 828 3462 paullo
842 3405 904 3463 post,
922 3395 968 3445 uu
985 3412 1068 3446 nasus
1082 3399 1137 3446 istas
1147 3395 1246 3463 'effingit

197 3467 278 3525 Qnern
286 3467 522 3534 verbatimerpressit
529 3467 695 3520 Aristenetns:
747 3486 801 3521 cnm
811 3471 896 3521 iisdsrn
908 3471 1030 3521 codicibus
1040 3478 1077 3521 est
1086 3479 1166 3521 antem
1176 3471 1243 3536 effin-

193 3539 227 3592 Ω
241 3537 368 3606 δυστυχὴς
384 3540 440 3607 ἐγὼ·
463 3543 488 3592 ri
508 3540 533 3591 11
554 3559 591 3592 σοι
608 3547 697 3596 roim
745 3561 808 3611 gere,
826 3545 969 3603 demulcere,
989 3545 1074 3595 leniter
1094 3553 1196 3610 tergere.
1217 3552 1245 3593 nt

198 3614 456 3680 ἐπῆγοντὸνφόβθνὶ
572 3617 664 3667 Arsam
747 3619 1138 3686 epudCatonemdekstclxrii.
1154 3619 1245 3668 Herus.

234 3690 289 3737 127.
308 3688 593 3755 Inqueoaputnostrum]
613 3692 698 3741 Graeca
783 3693 838 3742 140.
857 3693 962 3742 Candido
976 3711 1017 3757 per
1033 3709 1135 3742 cauam
1154 3692 1245 3738 brachia

198 3761 344 3829 imprecatio,
356 3765 492 3829 apudqnos
507 3765 643 3830 frequenter
657 3782 697 3814 oc·
747 3767 896 3832 repeteret]
913 3766 985 3817 Trist.
996 3767 1014 3815 i.
1026 3766 1068 3815 rii.
1111 3803 1114 3809 .
1174 3800 1178 3808 -

199 3836 281 3892 currit,
304 3835 486 3902 Aristophanem
506 3838 644 3904 presertim,
664 3839 698 3898 εἷς
781 3842 828 3890 Por
838 3858 939 3890 causum
948 3843 1050 3889 meminit
1058 3855 1080 3886 se
1091 3840 1189 3902 tetigisse
1196 3853 1244 3884 ma-

196 3909 309 3973 εόφαλὴν
322 3925 370 3959 σοι.
388 3910 430 3967 sic,
443 3912 579 3977 Tramfms
593 3915 697 3974 pericula
811 3931 877 3963 nem.
1122 3911 1213 3959 Hsnts.

198 3986 225 4031 is
239 3995 309 4045 caput
327 4001 403 4033 nsum.
426 3986 491 4051 apud
510 3987 594 4035 Valet.
617 3986 697 4035 Maxi-
748 3987 902 4038 Illnstrsrnnt
920 3987 1010 4036 bellam
1031 3985 1093 4033 lrasc
1109 3993 1135 4033 et
1151 3983 1246 4050 optimis

199 4064 265 4106 mnr'n
274 4058 318 4107 lib.
330 4057 357 4106 ii.
369 4074 423 4124 cap.
431 4060 465 4107 iv.
478 4068 557 4125 posset
564 4071 589 4109 et
599 4062 698 4116 restitui,
749 4061 900 4128 scriptoribus
909 4059 1091 4127 perfamiliarem
1103 4057 1244 4108 locutionem

201 4131 410 4195 Dimpitinostro.
429 4134 493 4198 qnod
503 4135 576 4185 msto.
610 4135 699 4183 Hnrus.
750 4136 883 4185 Brorrklrns.
895 4135 926 4183 ad
936 4133 962 4182 d.
973 4134 992 4181 1.
1002 4133 1101 4189 11110111,
1112 4131 1247 4183 etTensnl.
