2896 4980
193 382 260 451 lae
488 378 527 443 P.
543 374 704 443 ovtnu
728 374 941 443 NASONIS

198 556 282 632 Nec
295 574 364 630 cur
379 554 460 628 hoec
477 551 651 638 lacerem,
666 560 836 649 poteram
849 550 941 623 milri
953 548 1111 625 reddere
1127 570 1231 623 caus·

345 694 447 745 sam:

247 786 283 862 N
286 812 330 863 ec
347 810 488 872 noram,
508 784 600 882 quid
618 806 748 857 amans
765 793 887 857 esset:
916 791 956 855 at
968 781 1061 855 illud
1078 804 1193 855 eram.

196 905 325 978 Prima
340 902 480 976 malum
498 901 624 974 nutrix
642 901 766 974 animo
783 899 980 998 praesensit
996 898 1110 973 anili:

244 1020 373 1094 Prima
389 1020 480 1091 milri
498 1018 637 1104 nutrix,
657 1016 766 1102 AEoli,
786 1016 894 1101 dixit,
913 1038 1030 1089 amas.

195 1136 352 1222 Erubui,
372 1135 590 1232 gremioque
609 1133 728 1231 pudor
745 1132 884 1229 dejecit
901 1131 1053 1205 ocellos.
1187 1132 1232 1203 35

245 1251 339 1325 Haec
358 1252 450 1324 satis
468 1250 506 1322 in
523 1248 639 1323 tacita
655 1248 762 1344 signa
778 1246 929 1319 fatentis
946 1256 1065 1319 erant.

194 1366 358 1466 Jamque
375 1366 638 1440 tumescebant
654 1363 771 1436 vitiati
789 1361 957 1459 pondera
968 1361 1121 1449 ventris,

244 1484 436 1581 AEgraque
452 1481 627 1555 furtivum
645 1481 814 1553 membra
835 1479 1012 1575 gravabat
1028 1501 1138 1551 onus.

195 1599 301 1684 Quas
312 1599 402 1672 mihi
416 1623 490 1672 non
504 1598 652 1684 herbas,
666 1621 752 1694 quae
765 1620 840 1670 non
852 1594 1103 1669 medicamina
1112 1591 1235 1668 nutrix

246 1713 397 1802 Attulit,
416 1714 550 1789 audaci
567 1712 843 1812 supposuitque
860 1711 998 1785 manu?
1187 1712 1235 1783 40

198 1828 254 1902 Ut
269 1830 419 1928 penitus
438 1829 573 1903 nostris
592 1827 681 1924 (hoc
697 1836 737 1900 te
754 1827 957 1901 celavimus
973 1824 1108 1921 unum)

246 1943 466 2019 Visceribus
483 1966 658 2019 crescens
676 1953 916 2017 excuteretur
932 1966 1040 2016 onus.

196 2059 278 2134 Aht
305 2062 460 2135 nimium
477 2063 587 2136 vivax
604 2060 765 2135 admotis
782 2059 920 2134 restitit
936 2056 1059 2133 infans

246 2177 414 2268 Artibus,
433 2190 473 2254 et
488 2189 590 2253 tecto
607 2189 711 2252 tutus
729 2178 777 2251 ab
794 2177 903 2251 hoste
919 2174 1002 2249 fuit.

196 2291 220 2367 J
223 2317 283 2368 am
297 2295 423 2369 novies
437 2305 518 2369 erat
532 2304 616 2369 orta
627 2316 731 2368 soror
747 2292 999 2392 pulcherrima
1014 2288 1165 2379 Phoebi,
1187 2290 1236 2363 45

249 2408 435 2510 Denaque
451 2409 625 2485 luciferos
645 2408 750 2483 Luna
767 2410 942 2485 movebat
957 2430 1091 2505 equos.

229 2719 695 2786 ⁴4.Teewtum]1ego,meann
777 2720 845 2776 Quod
854 2723 884 2768 sit
893 2720 1028 2769 anusrsdiis
1027 2718 1239 2787 smmum

195 2794 226 2842 at
241 2794 514 2853 toneeumputeaneo,
525 2803 552 2844 ut
568 2803 593 2844 et
609 2796 697 2846 vitem
838 2797 921 2850 amis,

196 2867 304 2933 ejusdem
313 2866 695 2933 soniinjnnctisvocabulisodio·
810 2866 932 2930 Parvum
947 2869 1048 2932 ΐφίδῑ·
1062 2870 1103 2933 μ’
1114 2874 1240 2919 ΜΝ

197 2955 226 2989 sa
251 2940 367 3006 repetitio,
394 2949 419 2989 et
444 2940 523 2990 sensui
549 2943 696 2993 consulatur.
842 2944 911 2993 dass.

199 3012 281 3062 Testes
291 3012 354 3062 enirn
372 3015 439 3063 bostis
449 3022 485 3063 est
500 3014 553 3080 ipsa
567 3026 642 3065 mater
656 3017 696 3065 vel
744 3012 784 3062 Sic
795 3022 820 3063 et
830 3014 863 3065 ibi
874 3017 969 3067 codices
980 3016 1087 3081 antiqui:
1103 3019 1240 3067 nnndsslu

199 3088 288 3145 nutrix,
304 3103 358 3152 qun
376 3103 424 3136 nnn
439 3097 522 3152 apertu
537 3088 569 3145 vi,
579 3089 621 3137 sed
634 3088 696 3138 clnrn
745 3104 826 3145 mense,
838 3100 866 3140 ut
874 3104 910 3143 est
920 3090 1071 3156 invulgatis:
1082 3108 1155 3158 quern
1165 3092 1240 3143 loen

198 3159 278 3208 herbis
288 3169 313 3208 et
322 3160 518 3210 medicaminibus
530 3172 640 3212 excutere
652 3163 696 3212 lce·
746 3174 866 3229 receptam
876 3167 1016 3233 scripturam
1032 3166 1094 3216 tueri
1109 3167 1136 3216 in
1148 3166 1187 3217 bis
1195 3166 1241 3216 Gn·

199 3240 251 3280 tum
261 3233 377 3281 tentabat.
395 3233 433 3281 vel
444 3235 510 3282 ltcstis
519 3234 550 3282 sit
559 3235 637 3300 ipsum
647 3252 697 3284 rne-
746 3250 819 3285 traces
828 3241 951 3290 contendit
966 3240 1128 3299 Burmannus,
1138 3250 1164 3291 et
1178 3240 1242 3291 etin·

199 3303 311 3353 dicsmen
327 3304 433 3362 noxium,
452 3314 479 3356 ut
499 3307 621 3372 Micyllus,
632 3308 697 3373 quod
746 3325 808 3369 cere,
818 3330 860 3379 pro
878 3316 945 3365 Dens
962 3314 1032 3364 Luna
1045 3332 1092 3365 nnn
1108 3332 1161 3365 esse
1174 3329 1240 3382 reps-

198 3376 264 3425 nlam
274 3393 316 3442 per
326 3378 432 3427 membra
447 3381 573 3444 serpebst3
588 3390 616 3430 ut
625 3384 698 3432 ἐσίω»
746 3385 851 3436 nendum
863 3389 945 3447 Plena,
956 3391 992 3438 uti
1001 3389 1138 3439 doctissime
1152 3390 1242 3441 Grae

199 3468 284 3500 emen
298 3450 323 3500 in
334 3450 386 3501 loco
395 3453 518 3503 Futurum
528 3455 597 3504 modo
607 3456 697 3507 adduc·
746 3457 785 3508 vin
800 3460 825 3510 in
836 3463 1054 3521 observationibus,
1064 3464 1109 3512 lib.
1119 3464 1154 3514 iv.
1165 3480 1190 3516 c·
1203 3466 1242 3515 lt.

200 3534 226 3575 tu
236 3524 308 3574 dixit.
341 3526 432 3575 Bunrs.
749 3534 883 3587 videbatur.
918 3540 972 3587 Nec
982 3554 1036 3586 cunr
1047 3539 1170 3588 Pitanen
1184 3538 1242 3589 nnn

233 3600 268 3647 Ab
284 3600 365 3663 laste]
383 3601 437 3651 lloc
450 3610 487 3651 est
500 3618 517 3653 s
531 3604 664 3670 pharmacis
673 3613 699 3655 et
748 3618 774 3658 et
783 3610 836 3659 aliis
846 3613 974 3669 nonnullis,
986 3612 1063 3670 Nona,
1073 3612 1243 3679 qundmsgnu

199 3672 406 3732 medicaminibus,
421 3692 469 3725 non
485 3684 576 3727 tantum
592 3681 623 3729 sb
639 3697 697 3731 snu.
747 3685 853 3750 Scaliger
860 3688 978 3753 probavit.
1012 3688 1079 3737 Nnts
1088 3686 1148 3737 ills:

200 3764 279 3814 neque
291 3748 445 3814 relert‚qund
458 3753 557 3802 autom
572 3754 698 3819 singulari-
781 3759 855 3808 Matri
866 3762 1025 3826 longadecern
1035 3759 1242 3826 tslsnstfsstid's

199 3832 235 3873 ter
252 3822 314 3873 dixit
329 3839 384 3873 curn
403 3826 484 3875 besem
495 3826 560 3877 diest
574 3830 697 3896 metapho-
811 3852 903 3884 menses.

199 3897 248 3947 rice
263 3898 380 3963 quidquid
397 3900 434 3949 illi
450 3902 574 3952 adversum
588 3914 613 3952 et
626 3904 698 3953 inles-
748 3907 835 3956 Noster
845 3909 871 3956 in
885 3908 970 3965 Fastis,
982 3908 1008 3957 ii.
1022 3910 1084 3959 175:

199 3978 252 4021 turs
263 3972 318 4020 luit.
352 3974 450 4024 Mrcvu.
781 3980 851 4030 Lena
862 4001 944 4031 sevus·
959 3982 1040 4032 decies
1055 3984 1160 4047 inpleret
1169 3983 1241 4031 tmi-

232 4045 275 4094 46.
293 4046 402 4110 Deaeque
418 4049 525 4115 luciferos
542 4050 612 4099 Luna
627 4068 698 4101 mvs-
844 4059 885 4105 bus
894 4060 980 4105 orbem:

200 4118 337 4183 bstquns]
356 4121 396 4171 Sic
406 4122 461 4173 libri
476 4132 567 4173 veteres
583 4141 697 4176 unocun-
814 4130 870 4184 Qut
880 4131 965 4195 suerat
981 4135 1047 4198 virgo
1061 4132 1156 4187 eredita,
1172 4137 1242 4179 nster

200 4204 285 4243 semu:
302 4202 327 4243 et
336 4202 410 4245 recte.
443 4197 519 4264 Epist.
526 4196 560 4248 iv.
574 4201 632 4249 160:
843 4214 902 4254 erat.
1119 4204 1209 4254 Arses.
