2896 4980
464 323 680 391 attonuit
703 322 794 389 LIB.
818 321 889 392 111.
911 324 944 388 7.

1176 326 1241 392 421

200 495 252 570 At
267 520 352 595 quae
370 520 445 570 non
462 499 579 572 tacita
596 498 750 571 formavi
764 498 901 595 gaudia
916 497 1062 571 mente!
1085 524 1093 533 ·

248 611 352 696 Quos
370 637 440 710 ego
458 637 533 687 non
550 613 642 686 finxi
659 614 905 713 disposuique
921 613 1073 687 modosl

201 726 339 802 Nostra
355 741 480 803 tamen
493 733 659 828 jacuere,
678 732 779 805 velut
796 741 1033 829 praemortua,
1052 731 1222 803 membra

246 841 431 942 Turpiter,
448 846 624 919 hesterna
641 845 874 942 languidiora
891 847 986 931 rosi,

1188 850 1236 918 66

197 954 291 1040 Quae
309 983 408 1033 nunc
427 984 516 1034 ecce
534 961 656 1060 rigent
672 962 946 1059 intempestiva,
966 962 1183 1058 valentque:

247 1071 359 1146 Nunc
378 1099 472 1172 opus
490 1087 702 1174 exposcunt
717 1076 964 1173 militiamque
982 1100 1101 1149 suam.

199 1185 297 1272 Quin
315 1188 399 1262 istic
416 1190 638 1288 pudibunda
646 1193 765 1288 jaces,
784 1215 870 1289 pars
888 1191 1054 1289 pessima
1070 1191 1210 1284 nostri·¹

247 1302 311 1376 Sic
328 1329 413 1378 sum
430 1305 606 1403 pollicitis
623 1316 758 1404 captus
775 1317 814 1379 et
830 1317 917 1388 ante
934 1306 1021 1379 tuis.

1188 1310 1236 1377 70

198 1415 254 1489 Tu
271 1418 461 1497 dominam
477 1421 590 1501 fallis:
619 1445 686 1519 per
703 1434 742 1495 te
758 1422 965 1519 deprensus
983 1422 1134 1494 inermis

245 1531 383 1609 Tristia
399 1559 485 1613 cum
503 1559 639 1632 magno
656 1537 793 1610 damna
809 1537 952 1634 pudore
969 1536 1049 1612 tuli.

199 1645 305 1721 Hanc
323 1650 437 1728 etiam
452 1675 526 1726 uon
543 1662 603 1724 est
620 1673 705 1725 mea
721 1651 924 1746 dedignata
941 1649 1068 1746 puella

246 1761 413 1838 Molliter
430 1765 580 1841 admoti
596 1765 794 1840 sollicitare
812 1788 937 1838 manu.

199 1877 274 1952 Sed
292 1891 492 1978 postquam
509 1882 630 1959 nullas
648 1905 872 1978 consurgere
890 1905 1001 1979 posse
1020 1892 1215 1979 perones,

247 1992 586 2094 immemoremque
603 1997 662 2069 sui
679 1996 924 2095 procubuisse
941 1996 1059 2084 videt;
1187 2001 1234 2069 76

198 2107 297 2192 Quid
315 2135 375 2184 me
393 2112 503 2198 ludis,
522 2113 595 2186 aitt
622 2115 707 2209 quis
724 2124 774 2200 te,
793 2115 1010 2198 malesane,
1025 2113 1185 2210 jubebat

247 2225 410 2300 Invitum
428 2238 554 2302 nostro
572 2253 710 2326 ponere
728 2232 897 2305 membra
912 2231 1018 2303 torol

198 2338 275 2415 Aut
292 2351 328 2413 te
347 2343 512 2440 trajectis
529 2342 634 2422 AEaett
650 2345 816 2426 venefica
831 2344 926 2419 lanis

249 2455 432 2543 Devovet:
462 2469 527 2534 aut
544 2460 616 2532 alio
633 2460 753 2533 lassus
771 2483 895 2533 amore
913 2458 1028 2532 venis·

1188 2464 1236 2530 80

200 2567 281 2644 Nec
299 2596 422 2647 mora:
450 2573 602 2647 desiluit
618 2574 744 2646 tunicii
761 2574 884 2647 velata
899 2572 1083 2645 recinctri:

248 2685 298 2760 Et
315 2688 441 2763 decuit
458 2689 577 2763 nudos
595 2688 821 2786 proripuisse
838 2687 967 2785 pedes.

197 2943 236 2997 De
245 2944 356 3012 litamyri
372 2947 474 2998 ahiusis
490 2957 582 3000 coecoto
596 2964 624 2997 rx
636 2949 691 3015 uy-

196 3017 296 3084 thologis
312 3031 367 3071 noto
382 3021 470 3072 sabula.
503 3022 634 3072 videantur
650 3023 693 3072 Ze·

198 3091 289 3149 nobius,
300 3103 323 3141 et
332 3094 478 3160 Apostolus,
489 3096 513 3143 in
522 3093 691 3162 θάμυριςμαᾶ·

196 3183 273 3216 vtrat.
306 3169 377 3218 lluuc
395 3168 566 3219 Philammonis
583 3179 608 3218 et
622 3169 691 3234 Argi·

196 3256 253 3306 opes
262 3240 336 3291 fllium
348 3243 503 3309 Apollodorus
511 3244 535 3293 in
543 3243 693 3294 Bibliothect

196 3313 262 3370 l'ttcit,
277 3315 318 3380 qui
334 3332 412 3365 amore
430 3317 559 3382 Hyacinthi
578 3317 692 3381 flagravit,

197 3400 225 3434 sc
236 3387 324 3451 primus
334 3387 433 3438 Veneris
443 3391 554 3439 mascula
570 3390 601 3439 sit
610 3390 692 3439 iuven·

196 3470 240 3510 tor.
273 3461 312 3511 De
326 3473 392 3527 patro
410 3480 464 3513 cum
475 3463 618 3529 Apollodoro
633 3480 690 3513 con·

196 3534 300 3584 sentiunt
307 3537 450 3586 scholiastes
459 3539 553 3587 Homeri
562 3547 586 3586 et
598 3538 692 3587 Phuvo·

196 3609 262 3657 rinus
271 3609 296 3657 in
306 3611 401 3660 Iaexico.
433 3612 480 3661 Sed
492 3612 555 3676 apud
566 3622 692 3676 utrumque

135 3680 137 3684 ’
196 3681 259 3730 male
266 3682 392 3733 scribitur:
407 3683 485 3744 Οὗτος
493 3682 692 3750 παῖςῆνῡιλάμ·

194 3773 277 3820 μωνος
296 3759 337 3806 καί
349 3757 452 3823 Ἀρσίου
468 3763 515 3820 τῆς
529 3758 634 3823 νύμφης,
649 3773 692 3823 pro

195 3827 339 3895 'Apyrina
373 3832 461 3880 llnrss.

228 3904 268 3952 66.
285 3904 624 3970 Hestemtilonguidorurotd.]
636 3905 691 3953 Ele-

196 3986 280 4040 ganter
295 3978 409 4026 hesterno
426 3994 484 4026 rose
504 3988 624 4044 comparet
641 3979 691 4026 ltu·

196 4051 271 4115 guida
278 4067 321 4099 sua
328 4051 440 4105 membra,
446 4059 470 4098 et
477 4062 565 4100 mortuo
577 4070 583 4097 ε
597 4053 631 4098 ita
638 4050 692 4113 ἡμι-

196 4126 280 4183 θανεῖς
297 4122 429 4189 στιφάνους
445 4124 505 4173 dixit
515 4125 590 4172 Pocta
607 4123 632 4172 in
642 4122 692 4171 Au·

741 2949 801 3000 thol.
812 2949 855 2999 lib.
864 2947 900 2998 iii.
911 2960 965 3011 cap.
976 2945 1019 2996 xii.
1030 2961 1087 3011 pag.
1096 2947 1153 2995 340.
1163 2952 1187 2994 et
1196 2945 1236 2994 Ci-

742 3039 850 3072 teronem
866 3037 908 3087 pro
918 3020 999 3069 Gallio
1009 3037 1101 3069 coronas
1112 3021 1236 3084 loirgrtidu-

743 3099 776 3145 los
795 3095 891 3151 dixisse,
912 3109 971 3159 quas
988 3092 1129 3141 Plutarchus
1150 3093 1238 3150 ε’ὠλι,υς

741 3170 842 3226 vocavit,
853 3168 986 3218 observavit
996 3168 1085 3216 Victor.
1118 3167 1206 3214 lli-nn.

775 3246 815 3294 79.
834 3242 925 3306 Locis]
943 3242 1014 3300 Quod
1026 3250 1105 3290 autern
1122 3241 1146 3289 iu
1156 3241 1236 3307 hujus·

743 3317 805 3366 modi
824 3316 930 3383 Cocytiis
946 3316 1018 3365 scens
1035 3316 1091 3364 lana
1109 3324 1238 3370 uterentur,

742 3390 845 3441 ostendit
857 3400 881 3440 et
890 3389 1028 3439 Theocritus
1044 3389 1069 3439 in
1079 3389 1237 3438 Pharmaceu·

743 3466 788 3515 tria
804 3465 846 3514 illo
857 3465 1008 3516 hexametrot
1027 3463 1123 3529 Στὲψον
1137 3465 1185 3514 rdv
1202 3480 1238 3512 κε-

742 3539 822 3604 λέβαν
831 3537 940 3606 φοινικέῳ
953 3538 1004 3599 οἰὸς
1013 3537 1093 3603 ἀώτῳ.
1126 3539 1238 3585 hltnrrs.

741 3616 775 3665 Τὸ
787 3616 846 3663 loiris
856 3630 903 3664 non
919 3629 970 3663 esse
985 3611 1168 3666 mutandum,·et
1184 3611 1238 3674 capi

741 3685 828 3737 debere
837 3687 868 3737 de
878 3686 953 3735 laneis
962 3685 1112 3749 imaginibus,
1122 3699 1182 3746 quas
1193 3698 1238 3730 acu

741 3762 906 3810 transsuebsnt
916 3775 987 3822 suga,
998 3755 1180 3820 supradiximus
1192 3755 1237 3803 hac

742 3835 794 3900 ipsa
814 3834 898 3898 Elegia
918 3832 948 3880 ad
969 3846 1031 3878 vers.
1053 3829 1093 3876 29.
1126 3828 1239 3876 Fortassis

742 3918 830 3964 nmen,
850 3907 951 3968 trajectis
970 3903 1051 3950 lomois
1068 3899 1238 3963 reponendum.

743 3988 769 4029 ut
788 3979 819 4028 de
839 3975 933 4026 laminis
952 3972 1061 4021 litteratis
1081 3986 1123 4018 seu
1146 3970 1239 4021 tabellis

743 4047 1020 4119 plumbeisintelligatur,
1027 4045 1056 4093 de
1064 4043 1149 4109 quibus
1160 4046 1239 4111 paullo

744 4124 942 4187 autengebamus.
976 4119 1066 4168 llus-s.
1102 4138 1116 4180 χ

774 4205 845 4253 rtet
