2896 4980
482 318 741 387 HEROIDES.
775 320 846 385 EP.
871 320 981 386 XXI.
1185 322 1249 389 291

203 492 329 593 Turpe
346 493 416 567 tibi
433 502 505 580 est,
524 493 628 567 illum
645 515 799 568 caussas
817 495 1007 591 depellere
1025 495 1110 581 leti;
1179 499 1247 568 175

246 608 305 683 Te
323 621 457 685 contra
471 610 621 683 titulum
639 609 768 683 mortis
786 610 925 683 habere
943 631 1050 682 meae.

203 722 411 823 Numquid,
431 725 469 797 in
487 726 664 798 umbroso
681 748 768 798 cum
786 724 901 798 velles
918 723 1021 798 sonte
1037 724 1164 812 lavari,

251 838 478 938 Imprudens
496 839 620 913 vultus
639 840 686 913 ad
707 851 773 913 tua
789 840 894 913 labra
911 839 1005 912 tulit

204 954 420 1030 Proeteriine
436 966 522 1028 tuas
540 956 588 1029 de
606 966 662 1029 tot
677 954 894 1029 coelestibus
913 956 1017 1028 aras?

250 1069 381 1168 Atque
394 1081 460 1143 tua
473 1082 532 1145 est
549 1074 678 1145 nostra
693 1082 821 1170 spreta
832 1083 987 1170 parente
1001 1074 1162 1169 parens?
1178 1077 1247 1146 180

205 1182 266 1259 Nit
282 1209 355 1282 ego
372 1185 539 1284 peccavi,
558 1187 629 1258 nisi
647 1187 749 1284 quud
767 1188 931 1284 perjuria
950 1188 1045 1283 legi3

252 1298 375 1398 Inque
392 1324 523 1399 pamm
541 1300 664 1374 fausto
682 1301 847 1374 carmine
864 1303 977 1376 docta
994 1300 1059 1375 fui.
1191 1386 1199 1403 „

198 1414 258 1489 Tu
274 1439 429 1514 quoque
447 1416 652 1513 pronubis,
672 1417 703 1488 si
722 1440 796 1489 nnn
814 1418 981 1490 mentiris
999 1441 1176 1504 amorem,

249 1529 350 1604 'l'ura
367 1530 477 1604 seras.
505 1531 662 1628 prosint,
681 1554 767 1628 quae
785 1555 959 1616 nocuere,
980 1557 1126 1607 manus.

200 1644 291 1734 Cur,
310 1670 398 1744 quae
415 1657 625 1733 succenset,
645 1646 747 1745 quod
765 1647 888 1720 adhuc
901 1649 970 1721 tibi
989 1660 1102 1747 pacta
1117 1649 1246 1748 puella

250 1760 287 1834 N
289 1787 337 1836 on
354 1771 424 1836 tua
438 1761 492 1849 fit,
512 1762 591 1836 fieri
610 1786 657 1835 ne
675 1772 740 1835 tua
757 1762 888 1860 possit,
906 1765 1010 1860 agit?
1175 1769 1244 1838 186

201 1876 339 1952 Omnia
355 1879 404 1951 de
421 1878 505 1951 viva
521 1877 590 1950 tibi
609 1887 697 1950 sunt
715 1878 912 1974 speranda.
941 1878 1032 1976 quid
1051 1878 1171 1952 aufert

251 1993 362 2068 Saeva
378 1993 468 2066 mihi
486 1994 612 2080 vitam,
632 2018 738 2091 spem
758 1994 825 2067 tibi
846 1994 943 2068 Diva
960 1996 1060 2069 mei?

200 2106 282 2183 Nec
297 2118 341 2183 tu
355 2105 563 2183 credideris
580 2109 698 2196 illum,
718 2111 779 2183 cui
796 2112 963 2186 destinor
981 2136 1087 2199 uxor,

249 2224 364 2329 Aigra
379 2226 619 2323 superposita
638 2229 807 2302 membra
822 2228 947 2302 fovere
965 2251 1090 2303 manu.
1147 2274 1153 2281 -
1174 2231 1243 2299 190

198 2340 359 2417 Adsidet
376 2342 437 2415 ille
456 2343 621 2439 quidem,
642 2355 824 2441 quantum
842 2344 1070 2442 permittitur
1087 2342 1177 2440 ipsi;

248 2456 327 2532 Sed
343 2457 516 2531 meminit
531 2469 700 2532 nostrum
716 2459 869 2556 virginis
888 2483 971 2532 esse
988 2468 1123 2531 torum.

196 2570 283 2648 Jam
300 2596 456 2672 quoque
473 2575 600 2647 nescio
619 2574 711 2672 quid
728 2574 851 2647 deme
868 2574 1033 2646 sensisse
1050 2572 1216 2646 videtur:

247 2687 348 2765 Nam
366 2689 528 2763 lacrimae
546 2690 682 2762 caussa
701 2713 803 2786 saepe
820 2690 960 2762 latente
978 2686 1129 2761 cadunt.

198 2802 249 2881 Et
263 2805 388 2881 minus
407 2806 585 2879 audacter
601 2806 803 2890 blanditur,
822 2814 862 2877 et
879 2804 1010 2876 oscula
1026 2825 1108 2875 rara
1171 2805 1240 2874 195

247 2920 410 3022 Accipit,
429 2933 469 2996 et
484 2923 616 2997 timido
633 2946 694 2996 me
712 2932 822 2995 vocat
838 2944 901 2993 ore
919 2942 1039 2992 suam.

198 3032 280 3111 Nec
297 3037 411 3111 miror
427 3038 603 3125 sensisse,
623 3037 722 3111 notis
739 3060 826 3110 cum
844 3035 980 3133 prodar
998 3033 1158 3133 apertis:

245 3150 292 3227 111
306 3153 486 3227 dextmm
503 3179 641 3241 versor,
660 3178 747 3228 cum
764 3154 866 3228 venit
883 3152 958 3238 ille,
978 3152 1088 3225 latus.

228 3442 307 3499 Disce.
317 3454 340 3493 ct
351 3445 474 3493 tardamur
488 3445 601 3493 commissu
614 3453 693 3507 poten·
778 3443 835 3492 1116,
853 3441 905 3490 Non
915 3439 1019 3503 tussit]
1035 3439 1165 3503 Scribefit.
1177 3441 1241 3505 qnod

258 3518 373 3569 tiswdb.
587 3519 660 3568 Cror.
743 3518 772 3567 sd
782 3518 841 3581 fieri
858 3516 963 3582 proxime
974 3514 1121 3579 subsequens
1132 3513 1240 3578 requirit.

229 3590 284 3641 182.
300 3590 375 3656 Inque
394 3608 478 3655 purum
489 3590 573 3656 sarum
593 3595 694 3641 cumina
743 3607 773 3640 es
787 3589 896 3658 repetitio
906 3599 989 3655 arguta
1007 3604 1101 3655 prorsus
1115 3590 1157 3637 sai
1171 3587 1240 3638 ἑλκυ-

196 3664 329 3731 ΜΜ
347 3665 423 3729 capta
433 3666 479 3730 sui
490 3665 583 3715 videtur
599 3666 693 3715 restitu·
742 3665 821 3726 σηκὴ.
837 3665 930 3714 tmss.

197 3734 290 3795 edm
308 3747 336 3789 ut
354 3738 408 3789 huc
423 3739 476 3805 ipsa
493 3738 602 3806 Cydippe
621 3741 693 3805 paulo
778 3741 834 3789 198.
852 3737 1024 3799 industriam]
1050 3737 1106 3785 Jam
1123 3733 1176 3800 quis
1193 3750 1239 3781 non

199 3818 250 3861 sun
259 3812 314 3863 10⁴.
743 3813 824 3862 videat
838 3812 974 3877 legendum,
984 3814 1009 3857 iu
1026 3811 1114 3863 lectam,
1130 3823 1176 3855 nun
1186 3809 1239 3855 dcx-

230 3882 323 3950 Viqru
331 3888 691 3951 sinplicitumtmeuporoecupi.
741 3889 821 3935 imm?
837 3902 892 3935 cum
910 3884 1088 3936 decumbentes,
1100 3879 1158 3929 dum
1174 3894 1239 3928 aver·

200 3954 295 4009 Elm-
741 3958 926 4023 santureosqui
941 3953 1088 4010 invisunt‚in
1104 3952 1190 4001 levum
1202 3968 1239 4000 re-

227 4028 414 4097 sumpsi-m
423 4036 690 4099 prudeuscnptupueiia
741 4033 1064 4083 cliuentlatusnecesseest.
1099 4027 1238 4075 Eossrrus.

255 4108 321 4155 Μ’·
742 4109 794 4156 Irno
803 4115 896 4159 contra.
910 4114 935 4152 ut
947 4104 1053 4151 dextram
1066 4099 1158 4149 medico
1166 4099 1238 4165 purri-
