2896 4980
194 366 245 432 >98
493 366 531 430 Ρ.
554 363 715 430 OVIDII
740 361 950 429 NASONIS

101 528 104 532 ¹
203 538 372 639 Pyrrhus
389 538 607 625 Achillides,
627 539 815 612 animosus
833 536 994 633 imagine
1012 531 1142 632 patris,

248 653 441 728 ‹Inclusarn
459 665 589 727 contra
600 656 740 751 jusque
757 653 938 750 piumque
954 661 1069 723 tenet.

205 767 316 852 Quod
334 770 450 867 potui,
470 770 575 849 renui
586 797 595 857 ;
626 792 673 841 ne
692 793 765 841 non
784 770 897 841 invita
914 778 1081 852 tenerer;
1220 763 1245 833 5

254 885 391 959 Cetera
408 885 576 959 semineae
595 909 668 956 non
686 885 833 958 valuere
847 908 991 957 manus,

204 999 304 1084 Quid
321 1002 425 1089 facio,
446 1003 626 1076 AEacidel
653 1025 728 1074 non
746 1027 829 1074 sum
847 1001 926 1074 sine
944 998 1103 1082 vindice,
1122 996 1225 1069 dixi:

253 1116 347 1191 Haec
365 1119 433 1194 tibi
451 1120 521 1192 sub
539 1117 702 1202 domino,
723 1116 881 1216 Pyrrhe,
900 1115 1026 1213 puella
1043 1137 1111 1186 sno
1129 1123 1200 1185 est.

205 1234 359 1307 Surdior
376 1236 438 1309 ille
457 1235 550 1309 freto
568 1236 790 1308 clamantem
809 1256 945 1305 nomen
964 1230 1109 1303 Orestae

252 1349 383 1424 Traxit
401 1353 578 1425 inornatis
596 1353 632 1424 in
651 1375 719 1424 sua
736 1349 983 1424 tectacomis.
1198 1348 1246 1416 10

203 1666 319 1724 omnibns,
334 1685 392 1732 qnos
410 1669 468 1726 vidi,
486 1669 552 1718 libris
566 1683 638 1716 manu
656 1668 698 1716 de·
749 1683 801 1715 snm
812 1667 864 1732 ejus
874 1662 975 1713 nominis
988 1661 1078 1712 meliori
1095 1677 1146 1710 ovo
1161 1661 1246 1711 effere·

202 1741 295 1806 scriptis
311 1742 386 1801 obest,
401 1743 444 1791 nisi
461 1743 525 1808 qnod
543 1743 566 1791 in
584 1758 631 1791 uno
646 1759 699 1791 meo
749 1742 816 1790 bant.
834 1740 879 1789 nisi
892 1739 955 1803 quod
964 1737 1098 1787 Priscisrm
1107 1745 1174 1784 notet
1183 1736 1246 1785 libro

203 1815 302 1878 margini
310 1826 346 1864 est
356 1817 484 1881 adJ'ecturn,
493 1817 620 1881 etquidem
628 1833 698 1866 manu
748 1826 823 1872 sexto,
834 1815 972 1863 Ciceronem
983 1821 1007 1861 et
1018 1810 1157 1860 Sallustium
1170 1810 1246 1860 mel

202 1888 335 1937 recentiori.
371 1890 473 1939 Videtur
493 1900 573 1939 antem
593 1891 698 1956 ejusdem
750 1884 1157 1937 &arucasnsecnndoenuntissse
1170 1884 1246 1933 Oresti

203 1970 265 2010 notos
274 1978 333 2018 esse,
341 1979 395 2012 cunr
403 1963 554 2018 iuvenibus,
564 1980 622 2028 quos
631 1964 698 2013 initio
748 1970 784 2010 est
802 1962 865 2028 opud
882 1959 948 2009 Gell.
967 1960 1010 2007 lib.
1023 1959 1058 2007 isi.
1073 1959 1180 2022 cap-10.
1213 1958 1246 2007 In

202 2034 315 2100 Epistolae
331 2038 435 2086 OEnones
450 2048 474 2086 et
488 2037 567 2086 Didiis
581 2048 661 2087 extare
674 2038 699 2087 in
748 2037 816 2085 lbide
828 2035 970 2100 exscriptis:

203 2109 323 2159 nonnullis
332 2110 398 2159 libr'n
408 2111 550 2160 monuimus.
582 2112 671 2161 Hnrss.
789 2111 863 2174 thue
884 2110 1058 2175 Agamemnonio
1077 2107 1163 2154 onisco
1180 2106 1245 2154 dedit

236 2184 260 2230 ³.
271 2184 427 2248 Achilleidos]
441 2186 480 2233 De
487 2184 577 2250 Pyrrho
584 2194 608 2234 et
614 2188 698 2235 Oreste
812 2185 895 2247 unguis
907 2183 999 2229 Oreste.

203 2254 258 2304 vide
266 2271 319 2320 quse
331 2273 360 2306 ex
369 2258 464 2324 Hygino
475 2257 499 2305 in
511 2258 565 2306 Ibin
573 2259 698 2308 adnotabo.
749 2259 853 2313 Orestes,
864 2257 966 2305 Orestis.
990 2253 1113 2318 Tbyestes.
1122 2252 1244 2318 thyeste.

203 2328 307 2394 Pyrrhus
319 2340 399 2379 sutem
409 2331 488 2380 dictus
504 2332 646 2398 estapatris
661 2333 698 2381 sui
748 2331 871 2386 Gerionss,
881 2329 1001 2379 Gerionss.
1019 2326 1129 2392 Pylades,
1136 2326 1246 2392 Pyladn.

203 2402 306 2459 nornine,
317 2403 357 2467 qui
368 2419 422 2452 oum
432 2404 456 2452 in
467 2405 539 2468 Scyro
551 2405 612 2453 inter
622 2407 697 2472 Lyco-
748 2405 835 2454 Noster
852 2406 922 2453 Ponl.
941 2402 984 2451 lib.
1003 2401 1028 2450 ii.
1048 2401 1118 2465 Eleg.
1135 2400 1171 2449 iii.
1188 2417 1245 2450 cum

204 2475 280 2526 medis
287 2477 348 2541 regis
359 2477 419 2528 lilios
428 2478 521 2535 lateret,
529 2479 620 2544 Pyrrha
630 2496 698 2529 vocs·
747 2480 836 2544 optimo
846 2478 943 2528 codice:

201 2550 282 2599 bstnr.
326 2551 416 2602 Auctor
434 2553 497 2602 idem
517 2554 626 2618 Hyginus
645 2571 700 2620 csp.
765 2553 849 2618 Adfuit
859 2556 937 2600 irunno
938 2553 1034 2615 Juoeuis
1044 2550 1144 2598 Phoceus
1152 2550 1245 2599 Oreste.

203 2624 267 2674 xcvi.
279 2634 303 2675 et
313 2626 384 2675 xcvii.
402 2627 540 2677 Crorssus.
576 2629 700 2678 Achillides
750 2627 812 2676 ilino
827 2636 852 2677 et
869 2627 950 2674 Orata
965 2641 1011 2674 non
1026 2624 1099 2673 semel
1120 2624 1145 2672 in
1162 2623 1245 2688 quinto

203 2699 264 2748 bens
281 2699 415 2749 Putesnens
432 2701 479 2758 hic,
490 2710 517 2750 ut
527 2710 551 2750 et
562 2701 629 2751 Ibide
641 2703 699 2751 301.
749 2716 806 2750 casn
824 2700 887 2767 opud
908 2700 1029 2748 Nostrum.
1062 2698 1097 2746 At
1114 2696 1246 2747 Pstsvinns

202 2772 236 2831 tic
253 2774 353 2830 Atrides,
364 2776 466 2840 AEgHes,
485 2776 581 2833 Pelides,
599 2775 698 2834 Belides,
748 2773 809 2823 liber
824 2775 897 2824 habet
912 2790 991 2822 sorren
1004 2773 1086 2821 Oresti.
1119 2772 1246 2830 Quomodo

204 2845 322 2909 Plrinidos,
332 2848 443 2905 lusus,
455 2849 597 2907 Driantides‚
608 2851 698 2900 Promo·

202 2920 282 2976 ibides,
294 2922 394 2979 OEnidos,
404 2923 584 2986 Ampliaroides
594 2932 619 2973 et
634 2923 698 2973 simi·

201 2992 306 3060 liaspnd
317 2995 438 3044 Nostrum.
472 2996 563 3045 Herus.

235 3068 377 3131 dolorosas]
396 3070 435 3117 lta
452 3071 545 3134 egregie
562 3069 586 3119 in
603 3087 698 3120 scensrn

203 3139 280 3205 prodit
301 3140 364 3205 apud
382 3142 496 3191 Senecam
517 3142 542 3191 in
564 3143 650 3193 Troad.
672 3162 698 3194 v.

203 3214 261 3261 210.
273 3221 297 3261 et
308 3230 377 3279 seqq.

235 3288 259 3334 4.
272 3286 358 3348 Imque
367 3288 494 3352 piumque]
509 3289 551 3337 Est
561 3288 625 3338 idern
635 3291 698 3353 quod

195 3363 239 3422 jus
248 3360 328 3424 sifus.
346 3361 405 3409 Vid.
416 3361 447 3408 sd
458 3363 552 3411 Petron.
563 3363 627 3411 cviii.

235 3437 259 3481 5.
278 3433 344 3486 Quod
361 3435 449 3497 potui]
470 3436 543 3488 Quium
559 3439 623 3497 potui
640 3436 699 3484 alter

202 3506 372 3563 Mentelianns,
381 3524 422 3572 pro
429 3509 521 3557 diversa
528 3509 637 3567 lectione,
644 3526 698 3558 curn

202 3582 289 3646 glossa,
300 3581 325 3629 id
335 3592 371 3630 est
380 3592 499 3644 picurum.
521 3583 560 3631 adi
572 3591 638 3631 notos
649 3583 698 3632 Re·

202 3655 268 3704 med.
286 3654 369 3702 Amor.
387 3673 411 3703 v.
423 3657 480 3705 325.
505 3657 631 3722 Gottorpb.
645 3675 698 3720 quo.

202 3729 263 3779 olins
279 3748 331 3792 prio.
358 3729 489 3778 Hsrssrus.
528 3730 596 3778 Nibil
615 3742 698 3792 rnuta;

203 3820 257 3854 narn
266 3820 334 3868 aeque
342 3804 402 3853 bene
410 3813 435 3852 et
443 3804 562 3867 eleganter
570 3808 627 3867 quod
633 3809 698 3867 potui

202 3879 304 3929 dicitur:
321 3880 356 3928 ita
365 3879 460 3928 Terent.
473 3879 584 3928 Ennnch.
596 3880 622 3928 ii.
638 3883 659 3928 l.
671 3882 697 3930 9.

202 3956 291 4003 Bonis.

233 4029 260 4076 9.
279 4028 420 4077 Cissuntem
432 4044 511 4077 nomen
524 4027 631 4092 Orestis]
651 4028 699 4076 Pu·

201 4110 299 4151 tosneus
319 4101 416 4151 Orestes.
449 4101 514 4166 Iege
533 4102 625 4150 Oreste.
651 4118 698 4151 non

200 4175 264 4225 enirn
274 4175 342 4226 aliter
359 4177 488 4229 secundum
505 4176 646 4242 tertiumque
656 4191 697 4225 ca-

749 2848 892 2904 Priscianus,
906 2847 992 2903 Βοοιιι,
1004 2845 1087 2903 Boot«,
1097 2854 1123 2895 et
1139 2845 1205 2895 Booti
1214 2861 1245 2896 ex

750 2921 869 2973 Ciceronis
888 2921 983 2970 Arateis
1001 2929 1075 2977 notat,
1093 2928 1120 2969 ut
1137 2919 1245 2986 Ulysses,

750 2996 838 3061 Ulyssi,
849 3006 874 3045 et
884 2996 979 3044 similis.
1011 2995 1097 3043 Noster
1107 2995 1132 3043 in
1142 2994 1211 3044 Ibin:

780 3072 905 3117 -ιιι
916 3071 974 3132 qnos
983 3069 1080 3129 Ριιφ..
1092 3068 1201 3132 nysa«.

749 3143 822 3191 Boore
844 3142 908 3209 spud
929 3143 1041 3190 Nostrum
1060 3142 1164 3191 secundo
1188 3158 1244 3193 casn

748 3218 834 3282 passim
850 3216 958 3266 occurrit.
979 3216 1042 3282 apud
1059 3215 1178 3265 Avienurn
1192 3217 1244 3266 De-

748 3290 873 3355 scriptione
901 3290 972 3339 Orbis
999 3289 1075 3338 Bootis
1101 3288 1244 3355 frequenter.

749 3364 797 3412 vid.
805 3365 912 3413 Servium
921 3365 951 3413 ad
959 3364 1029 3429 Virg.
1038 3362 1135 3413 AEncid.
1143 3363 1245 3416 vii-662.

748 3439 839 3486 Herus.

783 3514 822 3559 10.
853 3512 954 3575 Trosio]
985 3512 1067 3561 Tradit
1093 3511 1246 3572 Bmileensis,

748 3585 811 3634 unde
829 3585 942 3634 Heinsius
955 3585 1011 3634 oliru
1027 3585 1129 3635 iaciebat
1149 3585 1245 3636 Tmou.

748 3678 792 3726 ego
803 3663 860 3711 nibil
871 3670 946 3710 muto.
969 3672 1004 3710 est
1014 3661 1078 3711 enim
1094 3662 1190 3727 elegans
1199 3677 1243 3728 op-

748 3735 832 3800 positio
843 3735 938 3783 violenti
949 3744 1037 3801 rsptns,
1048 3743 1072 3784 et
1085 3734 1185 3800 placido
1202 3735 1245 3785 de·

748 3810 864 3858 ductionis
875 3825 977 3874 sponsae.
995 3826 1066 3874 quam
1076 3809 1162 3858 ducere
1173 3808 1246 3859 debe·

748 3885 790 3932 bat
799 3895 904 3933 ornatam
921 3894 945 3931 et
959 3892 1077 3949 comptam
1088 3883 1155 3948 (vide
1166 3882 1245 3949 Epist.

748 3958 782 4007 ix.
797 3959 851 4008 125.
870 3967 894 4006 et
905 3957 946 4005 xii.
959 3959 1015 4006 156.
1026 3968 1051 4006 et
1066 3956 1136 4020 olibi)
1149 3973 1203 4007 earn
1221 3957 1246 4006 ri

748 4030 820 4079 traxit
829 4030 942 4080 inornatis
959 4031 1059 4097 capillis.
1077 4031 1102 4080 in
1117 4042 1246 4081 morsura

748 4103 820 4152 etism
832 4105 952 4155 venustius
962 4105 1133 4155 Gronovisnns.
1155 4106 1246 4156 Burs.
