2896 4980
197 320 265 391 818

494 323 533 389 Ρ.
557 320 719 389 OVIDII
744 320 957 389 NASONIS

202 496 285 568 Scit
301 498 399 570 bene
412 495 503 593 qnid
521 520 688 592 gramen,
703 494 795 593 quid
812 503 912 570 torto
921 495 1072 571 concita
1088 494 1232 571 rhombo

252 612 366 699 Licia‚
386 614 477 711 quid
495 614 618 687 valeat
634 614 734 687 virus
751 612 914 687 amantia
931 636 1056 710 equae.

200 728 300 801 Cum
317 730 446 815 voluit,
465 741 545 804 toto
563 731 816 827 glomerantur
833 730 964 805 nubila
979 730 1088 805 coelo.

250 845 349 918 Cum
364 846 492 931 voluit,
511 872 605 944 puro
623 846 743 944 fulget
758 848 796 920 in
814 850 905 922 orbe
923 848 1019 921 dies.
1194 848 1233 917 10

201 962 392 1059 Sanguine
410 963 460 1057 (si
479 987 556 1059 qua
571 963 683 1056 fides)
702 964 882 1037 stillantia
899 964 1024 1038 sidera
1039 962 1136 1037 vidi:

248 1079 466 1177 Purpureus
487 1078 602 1151 Lunae
621 1079 802 1175 sanguine
819 1080 946 1152 uultus
963 1089 1056 1153 erat.

201 1194 308 1268 Hanc
327 1220 398 1291 ego
416 1208 616 1268 nocturnas
634 1196 754 1270 vivam
772 1196 927 1269 volitare
944 1220 1013 1294 per
1030 1195 1177 1268 umbras

252 1312 443 1410 Suspicor,
464 1324 502 1385 et
519 1294 800 1410 pluma'corpus
819 1312 917 1386 anile
935 1311 1026 1408 tegi.

199 1428 398 1526 Suspicor3
429 1438 467 1501 et
484 1428 584 1500 fania
600 1439 670 1501 est.
699 1428 817 1501 oculis
835 1452 990 1526 quoque
1015 1428 1157 1526 pupula
1171 1426 1230 1499 du·

248 1544 449 1629 Fulminat,
466 1557 504 1618 et
521 1546 669 1641 gemino
683 1546 811 1617 lumen
829 1545 877 1619 ab
895 1544 986 1617 orbe
1004 1544 1117 1617 venit.
1137 1543 1231 1641 [ples

198 1658 343 1732 Evocat
359 1661 524 1758 antiquis
543 1685 700 1759 proavos
719 1672 926 1758 atavosque
944 1659 1148 1758 sepulcris:
1194 1662 1230 1731 17

248 1775 299 1848 Et
316 1777 473 1849 solidam
492 1776 603 1874 longo
621 1777 787 1851 carmine
804 1776 914 1849 findit
929 1777 1101 1849 humum.

199 1889 293 1964 Haec
311 1891 382 1963 sibi
400 1893 596 1989 proposuit
612 1893 797 1965 thalamos
815 1903 1000 1966 temerare
1018 1891 1195 1990 pudicos:

148 2028 155 2035 ·
249 2006 285 2078 N
289 2029 332 2078 ec
349 2017 476 2080 tamen
494 2008 643 2105 eloquio
660 2009 788 2105 lingua
800 2018 960 2083 nocente
978 2019 1095 2084 caret.
1189 2010 1232 2080 20

199 2120 291 2194 Fors
309 2146 369 2195 me
388 2123 547 2195 sermoni
566 2134 703 2198 testem
721 2126 837 2199 dedit.
865 2126 930 2199 illa
945 2127 1125 2202 monebat

247 2235 374 2322 Talia;
404 2261 464 2311 me
482 2239 655 2337 duplices
672 2244 872 2317 occuluere
890 2242 1009 2317 fores:

196 2502 248 2565 ipsa
268 2516 297 2548 ex
315 2500 412 2549 Colchis
427 2501 540 2565 prolecta.
559 2504 584 2550 in
602 2503 696 2553 ltaliam

196 2574 275 2624 venit:
301 2574 344 2623 sed
364 2582 390 2623 et
410 2575 505 2624 Medea
525 2575 697 2627 incantationes

195 2647 241 2697 boc
251 2648 303 2696 loco
313 2647 389 2713 accipi
400 2657 505 2713 possunt.
538 2651 636 2699 lllrcsn.

229 2723 253 2770 7.
271 2722 393 2784 Rima]
415 2722 444 2770 ln
462 2724 531 2771 MSS.
552 2724 655 2774 Glaserii
673 2735 697 2774 et

195 2805 249 2844 octo
268 2795 321 2843 aliis
338 2805 397 2851 erat,
412 2797 521 2857 plumb›;
539 2798 607 2863 cujus
624 2799 697 2847 etiam

195 2885 253 2918 usus
263 2868 286 2916 in
297 2868 404 2933 magicis.
416 2869 464 2917 vid.
475 2868 501 2917 ii.
514 2871 577 2919 Fast.
589 2873 645 2921 575.
656 2871 697 2920 ubi

194 2942 279 2990 similis
286 2943 388 2990 varietas
398 2950 423 2990 et
433 2941 466 2990 ibi
474 2943 603 3008 Neapolin.
614 2944 656 2994 sed
666 2946 697 2994 de

197 3016 296 3064 nonnam
307 3015 413 3064 Martini.
424 3015 456 3064 ix.
467 3018 507 3065 29.
542 3018 633 3068 llsrn's.

232 3092 270 3139 1³.
287 3091 357 3139 Hanc
370 3107 410 3155 ego
426 3102 548 3139 nocturnas
562 3096 631 3141 risum
641 3096 696 3142 ruli·

195 3174 245 3211 tnre
253 3167 391 3225 perumbrat
401 3166 527 3227 suspicata]
548 3167 638 3229 Opinon
647 3184 696 3215 tue-

195 3247 241 3284 tom
252 3237 411 3285 scribendum.
428 3238 514 3286 mutari
525 3248 604 3288 autern
616 3240 696 3305 hujus·

195 3308 260 3357 modi
271 3310 382 3358 venefica
399 3311 423 3359 in
434 3312 522 3374 Striges
533 3314 696 3364 credebantur.

196 3383 221 3431 id
233 3384 321 3432 Noster
331 3384 375 3431 boc
386 3383 438 3433 loco
448 3386 532 3435 innuit.
565 3389 695 3437 Hnrssrus.

197 3457 283 3513 Nerno,
303 3458 345 3520 qni
365 3458 449 3522 strigas
470 3476 521 3508 esse
538 3461 582 3508 sibi
600 3478 694 3526 persna-

196 3530 277 3587 debat‚
284 3545 375 3579 nenena
382 3547 460 3580 versas
468 3548 519 3581 esse
528 3534 647 3591 credebat,
654 3538 695 3586 sed

195 3603 302 3669 plerique
328 3603 495 3654 existimabant
521 3623 572 3656 esse
601 3611 696 3659 umbras

195 3687 339 3728 mortuarum
353 3694 463 3743 saganam
476 3681 513 3728 vel
529 3683 696 3733 maleficarum.

194 3753 238 3802 sed
248 3753 310 3802 banc
322 3752 394 3801 etiarn
404 3752 483 3801 vivam
500 3754 595 3818 strigem
612 3759 695 3807 carmi·

195 3827 266 3875 nibus
286 3825 335 3875 suis
355 3827 406 3875 fieri
430 3843 506 3892 posse,
528 3844 591 3877 nunc
611 3830 696 3880 innuit.

194 3916 269 3964 quare
280 3903 353 3948 viuum
364 3899 448 3949 retinui
458 3920 465 3961 ;
482 3901 526 3949 boc
537 3900 600 3949 enim
611 3902 694 3951 diffici-

193 3973 241 4023 lins
257 3974 353 4025 librario
364 3975 387 4024 in
404 3987 507 4025 mentem
520 3976 598 4024 venire
610 3978 694 4041 potuit,

194 4065 267 4112 quarn
285 4066 379 4105 omnin,
390 4059 416 4098 ut
427 4051 512 4115 vulgus
529 4066 597 4098 nrnne
614 4052 694 4100 crede-

193 4123 243 4173 bat.
260 4123 314 4173 talis
329 4123 374 4174 luit
388 4124 431 4173 illa
440 4125 540 4175 Milonis
556 4141 614 4175 uxor
630 4126 694 4191 apud

747 2506 844 2572 Apulej.
856 2506 898 2555 lib.
912 2505 939 2555 ii.
954 2522 1009 2571 qua
1024 2524 1047 2556 ss
1062 2518 1127 2557 nocte
1142 2510 1166 2555 is
1179 2522 1233 2555 san

745 2584 873 2643 plumbet.
905 2582 996 2631 Bonis.

783 2654 1235 2720 15.Popuuuupus.]tfmoett.is.t

747 2739 771 2777 et
795 2729 857 2778 Plin.
878 2729 918 2778 vii.
936 2729 962 2778 ii.
978 2729 1091 2779 Elmenb.
1109 2729 1140 2781 ad
1155 2728 1236 2781 Anub-

747 2819 803 2868 pag.
825 2805 866 2853 63.
902 2804 980 2854 Ptole.
1001 2805 1084 2871 Hepb.
1105 2805 1148 2855 lib.
1168 2820 1193 2853 r.
1209 2802 1235 2853 dt

748 2878 884 2927 Candaules
899 2894 980 2935 uxore,
991 2879 1030 2929 cni
1044 2889 1096 2931 erat
1104 2878 1235 2946 duplexp*

746 2952 812 3017 pula.
827 2962 851 3001 et
868 2954 901 3001 ita
912 2953 971 3003 forte
982 2954 1076 3004 Fabula
1091 2953 1180 3004 tinnit.
1188 2950 1235 3001 lte·

747 3036 804 3075 tam.
815 3027 870 3075 ³65.
881 3026 911 3075 de
921 3025 1077 3077 Telcbinibus
1085 3024 1236 3093 tondum

748 3100 879 3149 llsrusrus.
914 3100 1032 3163 Papulasr
1043 3102 1183 3167 propupr'lls
1195 3094 1236 3149 did

746 3174 827 3222 docuit
850 3174 951 3222 Sdmas.
971 3175 1004 3225 ad
1025 3176 1132 3241 Capitol.
1154 3172 1236 3225 Perti!-

745 3264 799 3312 cap.
809 3264 858 3296 xiv.

781 3323 818 3370 18.
837 3321 936 3386 langa]
956 3321 1036 3371 Primo
1044 3332 1081 3373 est
1092 3320 1236 3373 {sennan

746 3404 809 3443 reete
821 3395 887 3451 forte,
896 3394 922 3443 id
932 3403 970 3443 est
978 3394 1050 3445 simul
1061 3413 1091 3447 ac
1101 3394 1235 3446 motareis·

746 3469 812 3534 cipit
829 3469 873 3518 nisi
892 3472 956 3532 pmuo
973 3471 1144 3536 reponendum,
1157 3470 1183 3519 id
1196 3476 1236 3525 en.

746 3542 790 3591 sibi
802 3544 901 3609 proprio.
918 3544 948 3592 de
959 3559 1007 3609 quo
1014 3543 1046 3593 ad
1056 3544 1092 3595 is.
1100 3546 1163 3595 Met.
1171 3544 1209 3595 33.
1217 3549 1238 3595 tl

746 3618 763 3667 i.
775 3619 841 3666 Fast.
855 3620 909 3666 11³.
940 3619 1032 3667 Buris.

778 3695 820 3741 22.
844 3694 952 3755 Dupliees
963 3693 1055 3757 fores]
1080 3694 1142 3752 Qun
1154 3690 1236 3759 dspl'u‘

746 3768 828 3815 tabula
838 3768 987 3823 constabant,
999 3766 1173 3833 dupliciterque
1187 3780 1237 3833 apt·

745 3840 873 3889 rieliantnr.
890 3840 982 3889 Grecis
992 3842 1044 3906 pari
1054 3842 1124 3891 modo
1132 3838 1236 3899 tutum

747 3915 835 3964 Herus.

780 3988 925 4051 Osculum]
938 3990 1065 4038 Detinuere
1075 3988 1236 4039 Menteliam

746 4079 776 4112 an
787 4067 919 4120 «tissimum.
929 4073 1068 4130 separsrunt
1079 4063 1178 4115 abillis.
