2896 4980
169 330 238 397 m
441 325 498 391 ·P.
522 318 684 389 0v1n11
708 316 921 386 NASONIS

175 504 217 577 Si
235 526 312 599 qua
327 500 422 574 fides
439 497 582 584 dubiis3
610 496 802 569 volucrum
819 495 924 567 locus
941 491 1005 564 ille
1022 491 1160 605 piarum
1236 526 1240 531 ·

226 618 385 703 Dicitur,
405 616 591 688 obscaenae
609 637 684 709 quo
702 612 947 710 prohibentur
961 632 1063 683 aves.

175 735 257 808 lllic
277 731 426 805 innocui
444 730 519 803 late
537 739 743 826 pascuntur
759 726 899 800 olores:

226 850 277 922 Et
293 849 401 920 vivax
420 846 593 929 Phoenix,
613 845 724 916 unica
740 867 890 941 semper
907 843 1001 915 avis.

177 965 356 1064 Explicat
373 964 458 1061 ipsa
474 986 562 1034 suas
581 960 660 1034 ales
677 960 701 1032 J
704 962 841 1034 unouir
859 978 1023 1058 pennas:
1167 956 1205 1025 55

225 1080 368 1154 Oscula
379 1079 446 1151 dat
461 1078 600 1175 cupido
619 1077 756 1151 blanda
772 1078 949 1152 columba
966 1073 1073 1147 mari.

178 1199 369 1271 Psittacus
386 1195 454 1268 has
473 1195 581 1277 inter,
603 1194 781 1265 nemorali
801 1193 891 1265 sede
909 1199 1099 1289 receptus,
1182 1218 1184 1223 ·

228 1312 424 1386 Convertit
439 1311 608 1382 volucres
627 1309 665 1380 iu
682 1332 752 1380 sua
768 1308 882 1381 verba
899 1307 995 1404 pias.
1071 1326 1075 1333 ·

179 1429 280 1502 Ossa
295 1428 391 1523 tegit
407 1426 591 1500 tumulus:
620 1425 786 1497 tumulus
805 1447 873 1521 pro
889 1444 1048 1520 corpore
1072 1438 1206 1517 parvus:

228 1542 313 1626 Quo
331 1542 427 1638 lapis
445 1540 604 1634 exiguus
619 1562 687 1636 par
703 1538 776 1612 sibi
795 1561 946 1612 carmen
964 1537 1098 1609 habet:
1169 1534 1208 1605 60

178 1658 346 1753 Colligor
362 1680 410 1729 ex
429 1656 511 1752 ipso
529 1654 689 1727 domiuae
707 1655 895 1752 placuisse
912 1652 1100 1751 sepulcro.

229 1774 307 1848 Ora
323 1774 426 1847 fuere
444 1773 535 1844 mihi
553 1770 638 1869 plus
657 1794 724 1844 ave
741 1771 856 1844 docta
872 1770 989 1867 loqui.
1162 1759 1165 1763 ’

456 2076 967 2093 --—-—.—-—.--.-—--—-

529 2288 754 2362 ELEGIA
786 2288 877 2363 VII.

179 2440 280 2538 Ergo
298 2466 368 2537 ego
387 2439 568 2511 sufficiam
582 2462 669 2511 reus
688 2438 725 2509 iu
744 2461 840 2511 nova
857 2437 1015 2511 crimina
1031 2432 1193 2534 semper?

231 2555 284 2630 Ut
300 2557 460 2640 vincam,
479 2554 590 2627 toties
608 2553 825 2627 dimicuisse
843 2552 959 2651 piget.

208 2814 249 2860 58.
269 2813 386 2861 conr-ortt
400 2814 499 2860 uolucres
513 2816 538 2860 io
555 2829 596 2860 ruo
611 2817 678 2861 nerlu
728 2813 807 2862 alieni
819 2828 890 2861 mauu
901 2812 1003 2861 videtur.
1036 2810 1127 2861 Hans.

176 2886 246 2947 pina]
266 2887 341 2941 lllalc,
352 2903 382 2934 ne
393 2886 472 2933 dicam
486 2885 586 2935 ridicule
597 2886 677 2935 admo·
761 2888 801 2934 60.
820 2884 1111 2947 PorrilinonerrlobetJ
1138 2883 1218 2948 legn-

176 2959 300 3022 ‹lunuqui
318 2962 400 3007 irruo
418 2972 478 3007 rura.
511 2962 598 3008 Sensus
615 2961 677 3008 enirn
728 2960 990 3023 durnomrriuo(utert
1006 2958 1032 3007 in
1049 2958 1147 3008 veronis
1160 2954 1217 3007 cuffi-

177 3042 225 3081 est:
250 3032 381 3081 Psittacuru
402 3034 426 3080 iu
446 3033 624 3082 admirationem
640 3034 677 3083 sui
727 3035 809 3091 cibus)
822 3036 928 3081 Comen.
940 3047 985 3080 uec
1002 3030 1166 3096 obototqml
1180 3028 1219 3079 ὼ

178 3122 242 3161 ures,
256 3114 310 3169 post
323 3115 431 3161 mortem,
446 3117 582 3164 conuertere,
593 3116 620 3156 ut
635 3107 676 3155 ho·
727 3109 855 3173 subjungat
872 3108 989 3156 carmina:
1007 3106 1089 3171 posuit
1104 3106 1167 3155 enin
1176 3118 1218 3154 w·

178 3179 253 3227 mines
264 3179 331 3227 vivus
347 3179 476 3235 alliciebat,
493 3180 620 3228 humanam
637 3197 676 3228 ro·
728 3196 784 3228 meu
792 3199 834 3248 pro
844 3180 978 3247 Epittphio.
999 3180 1039 3229 sie
1057 3180 1131 3229 etim
1148 3175 1220 3243 Μ

178 3268 230 3299 cern
242 3260 290 3299 tarn
306 3254 403 3302 solerter
419 3253 540 3302 imitando.
568 3256 679 3311 Nnm,ut
729 3253 754 3301 in
766 3255 873 3320 Daphni:

178 3324 211 3386 ait
222 3324 290 3385 l'irg.
303 3326 360 3372 AEu.
373 3326 406 3373 vi.
423 3329 478 3377 655.
496 3328 558 3390 quod
575 3328 679 3376 studium
766 3327 795 3376 Et
807 3327 1013 3392 comittumjlcrre,
1024 3330 1221 3391 amotam

179 3397 216 3443 vcl
227 3413 284 3444 cura
295 3397 339 3445 suit
353 3398 421 3455 vivis,
795 3404 873 3449 addita
882 3416 983 3449 carmen.

210 3472 362 3519 —l'udour
372 3475 474 3534 sequitur
485 3477 567 3522 tellure
579 3486 680 3537 repostos.
732 3473 780 3522 Ubi
802 3475 954 3540 Epitaphium
976 3474 1071 3524 duobus
1090 3473 1222 3525 wuith!
1246 3481 1249 3488 '

560 3549 649 3597 Auru.
732 3547 873 3597 continetur.
905 3548 1021 3597 Mnrcs.

211 3619 251 3666 69.
271 3619 317 3664 Pro
336 3636 426 3680 corpore
447 3622 562 3684 mugram]
592 3622 679 3670 Putea·
947 3648 1015 3659 -

177 3708 237 3741 neus
247 3693 307 3741 alter
323 3708 377 3741 cum
395 3693 518 3759 Excerptis
538 3695 622 3751 lorii,
638 3713 680 3757 pro
767 3696 787 3741 l.
808 3696 869 3759 Ergo
884 3695 946 3760 ego]
972 3696 1002 3744 lu
1022 3697 1106 3747 multi·
1119 3696 1223 3748 deurl

177 3785 269 3830 corpore
289 3785 382 3829 porum.
414 3770 533 3832 Excerpta
559 3769 679 3827 Politiaui‚
730 3784 779 3831 ego.
797 3771 869 3817 male.
881 3769 929 3817 vid.
944 3786 1011 3835 supr.
1032 3771 1112 3836 Epist.
1133 3788 1159 3821 ι.
1176 3770 1225 3819 nu.

177 3859 257 3899 porro.
275 3859 359 3903 paruus
375 3858 412 3890 res
428 3841 480 3905 ipsa
496 3852 542 3889 est.
566 3842 677 3893 Callima·
730 3842 849 3904 Srrffieium
868 3844 990 3908 eleganter
1010 3844 1112 3903 dictum.
1130 3862 1180 3912 pro,
1196 3856 1224 3894 tn

179 3914 238 3963 clius
249 3915 273 3962 irr
285 3915 479 3980 Epigrammatis:
730 3931 776 3977 ego
793 3918 857 3965 solus
873 3917 997 3965 materiam
1013 3920 1128 3983 probel»
1141 3918 1224 3973 ab.

213 3989 338 4052 Σύντομος
350 3990 505 4050 vivituros,
519 3990 677 4054 iroirripoc.
731 3990 794 4038 uude
806 4001 884 4055 posset
895 3991 998 4056 olrjiccre
1015 3992 1075 4042 mihi
1091 3994 1225 4051 erinium

244 4063 273 4111 οὐ
283 4066 365 4127 μιαρὰ
375 4063 445 4119 λέξω.
730 4080 798 4113 nemo
810 4078 893 4130 proter
907 4081 945 4113 uie
963 4082 1018 4115 reus
1035 4068 1086 4123 fiet,
1105 4084 1181 4134 mque
1193 4076 1226 4115 tt·

182 4134 326 4185 Postremum
336 4137 405 4203 liujus
417 4139 505 4202 Elegio
517 4138 633 4187 disticlrou
649 4141 678 4187 ab
731 4141 956 4188 nrcusuccuurbrru.
991 4140 1084 4190 Bou.
1150 4174 1158 4187 .
1214 4148 1217 4153 '

1150 4434 1159 4445 u
1205 4442 1233 4451 ΙΙ

1125 4462 1162 4495 -·.¹
1216 4460 1223 4497 .'

1112 4494 1127 4513 ,ι

1112 4528 1119 4537 ·
1266 4528 1273 4541 ι

1083 4630 1091 4653 ὖ
