2896 4980
479 406 737 478 HEROIDES.
762 412 831 478 ΕΡ.
855 414 958 481 VIII.
1193 420 1238 485 99

200 573 300 660 Quid
317 580 478 676 gravius,
497 599 609 682 capta
631 583 911 675 Lacedaemone,
932 614 1037 665 serva
1053 592 1235 682 tulissem,

249 694 289 767 Si
308 708 457 794 raperet
475 698 608 796 Grajas
627 703 784 775 barbara
800 704 909 777 turba
926 708 1066 779 nurus?

199 808 354 886 Parcius
373 812 661 891 Andromachen
679 821 827 893 vexavit
843 819 987 895 Achaia
1004 823 1148 909 victrix,

248 926 348 1001 Cum
367 930 521 1005 Danaus
539 933 725 1032 Phrygias
744 947 867 1009 ureret
884 937 979 1031 ignis
997 961 1101 1037 opes.

199 1040 319 1149 Atjtu,
339 1071 429 1121 cura
445 1051 518 1124 mei
537 1051 568 1123 si
586 1061 624 1124 te
642 1052 705 1149 pia
722 1053 852 1148 tangit,
873 1052 1019 1140 Oreste,
1192 1059 1236 1129 15

249 1157 368 1257 Injice
381 1188 455 1237 non
473 1166 622 1239 timidas
640 1167 677 1239 in
696 1179 761 1240 tua
772 1170 858 1264 jura
875 1192 1019 1241 manus.

199 1272 271 1363 An,
290 1278 321 1349 si
340 1280 425 1375 quis
444 1282 563 1379 rapiat
580 1284 736 1356 stabulis
755 1296 921 1358 armenta
938 1285 1105 1372 reclusis

247 1390 362 1468 Arma
379 1394 500 1470 seras?
527 1411 633 1497 rapta
650 1402 808 1497 conjuge
826 1401 949 1473 lentus
967 1402 1064 1473 cris?

200 1503 259 1580 Sit
275 1533 382 1583 socer
398 1515 585 1611 exemplo,
604 1528 730 1613 nuptae
749 1518 926 1615 repetitor
944 1518 1123 1590 ademtae:

249 1621 322 1697 Cui
340 1627 403 1724 pia
419 1629 560 1702 militiae
578 1655 712 1704 caussa
729 1632 853 1729 puella
871 1632 951 1705 suit.
1187 1636 1236 1703 20

200 1734 241 1809 Si
259 1763 365 1815 socer
381 1743 536 1839 ignavus
554 1746 665 1819 vidua
682 1747 841 1820 sedisset
858 1747 895 1819 in
913 1748 1017 1835 aula3

248 1853 381 1957 Nupta
396 1858 492 1933 foret
510 1860 636 1934 Paridi
656 1872 784 1949 mater,
804 1873 846 1936 ut
863 1874 948 1936 ante
967 1862 1048 1935 suit.

232 2078 271 2128 ll·
286 2080 693 2146 Quidffsviusesptalsrcedaernons
744 2086 855 2139 Quoniam
866 2089 907 2148 pis
923 2102 1001 2134 caussa
1013 2087 1095 2151 cs'e'gt't.
1118 2084 1145 2132 ii.
1156 2082 1238 2134 Amor.

198 2166 261 2201 m
269 2155 388 2219 numus]
399 2155 438 2206 stc
447 2173 518 2222 prope
528 2157 572 2205 lib.
583 2157 616 2206 iv.
626 2159 690 2207 Fast.
742 2159 789 2209 xvi
800 2161 841 2208 47.
858 2169 937 2209 tamen
948 2159 1023 2208 disits
1041 2160 1066 2207 St
1082 2176 1127 2222 qus
1142 2162 1185 2207 mei
1203 2168 1238 2206 ta-

197 2224 229 2275 tit
239 2227 339 2278 Cerere:
741 2250 792 2281 mers
802 2244 833 2281 est
850 2236 875 2281 in
893 2244 914 2282 ts
927 2236 968 2296 pia
984 2251 1041 2281 rurs
1051 2234 1135 2281 relittr'.
1151 2232 1186 2280 ita
1196 2248 1238 2297 pa-

230 2301 295 2356 Quid
309 2308 404 2370 gravius
421 2309 504 2356 victore
520 2306 587 2372 Gyge
602 2312 692 2369 captiua
741 2322 792 2355 rurn
808 2316 942 2357 certumst
958 2323 1004 2356 uno
1021 2308 1073 2354 loco
1091 2306 1237 2355 adulterum

263 2379 377 2427 tulissem?
588 2382 660 2432 Cror.
742 2392 904 2444 argumentum
920 2380 1021 2429 ducitur.
1046 2378 1168 2436 Francius,
1186 2382 1238 2428 sits

197 2448 317 2501 Inmnltis
326 2453 447 2502 codicibus
457 2452 692 2522 estsuissem,anpro
741 2458 812 2503 morio.
845 2456 934 2503 Bcnsr.

198 2525 301 2575 inimi
320 2528 431 2577 Francius
446 2544 488 2593 pro
504 2530 692 2587 barbarmmsie·
776 2530 816 2576 17.
839 2531 876 2577 An
894 2532 913 2577 si
933 2527 1002 2592 quis]
1031 2526 1202 2591 Argumentum
1223 2542 1238 2575 ι

197 2599 373 2652 bttDtrdtnt.
390 2602 529 2668 tid.Epist.
542 2603 559 2652 i.
570 2607 612 2653 26.
742 2603 833 2652 minori.
866 2603 938 2652 Cror.

233 2676 271 2725 13.
287 2675 400 2739 sessis]
413 2676 437 2724 Α
453 2686 519 2742 parte
535 2687 617 2736 toturn,
629 2681 693 2728 κατὰ
776 2677 899 2740 Reclusis]
918 2676 973 2724 Non
984 2689 1055 2737 grave
1065 2672 1237 2730 sstisvrrhum,

198 2747 363 2815 muicxt'rv.
380 2751 414 2800 sic
425 2750 450 2799 in
466 2751 565 2817 epistola
578 2753 609 2801 ad
621 2754 692 2802 lisle-
743 2767 787 2800 nec
804 2761 885 2816 aptum
905 2748 999 2814 raptori,
1016 2747 1056 2811 qui
1073 2746 1097 2794 vi
1115 2744 1237 2810 effringere

198 2838 266 2873 mm:
744 2825 804 2874 iores
821 2824 954 2889 fingendus.
971 2821 1023 2871 vid.
1037 2820 1086 2869 xis.
1103 2821 1166 2869 Met.
1179 2821 1236 2868 ttl.

231 2897 411 2962 oporinum
423 2916 490 2963 marn
503 2916 591 2962 pauper
602 2900 692 2946 Achaia
742 2900 783 2948 ubi
797 2899 827 2948 dc
844 2899 930 2964 apertis
945 2895 1073 2944 admodum
1088 2892 1172 2943 leniter
1183 2894 1237 2943 fori·

261 2983 338 3023 nostra
348 2984 388 3023 est.
463 2995 465 3000 ¹
742 2973 928 3021 busadhibetur.
948 2967 1237 3034 Fortescripsirmvsuts,

198 3046 230 3096 Et
238 3046 282 3097 lib.
293 3048 342 3098 xiii.
358 3048 516 3114 Metamorph.
743 3047 779 3095 vel
792 3048 905 3113 rejicietis
922 3054 950 3094 ut
961 3044 991 3093 vi.
1002 3045 1103 3092 Metam.
1114 3043 1172 3092 597.

229 3132 316 3171 —st
336 3124 448 3171 seruilium
465 3125 581 3187 promittet
603 3122 692 3169 Achaia
904 3118 1157 3184 Portssqutrgfringit,

264 3195 345 3259 Irrp'ae.
586 3194 658 3243 Cror.
775 3195 1034 3258 Gernmnsnrqusrapit.
1113 3192 1204 3240 Eunu.

232 3270 271 3319 16.
287 3270 313 3317 Si
324 3281 345 3319 ts
352 3273 406 3331 jum
416 3268 514 3335 tangit]
532 3268 580 3316 Alii
589 3271 628 3331 pia
640 3278 691 3316 tun·
773 3271 815 3318 20.
834 3271 879 3318 Cui
895 3269 957 3333 piu]
975 3268 1046 3316 Hunc
1060 3275 1084 3315 et
1100 3275 1237 3331 sequentem

198 3342 242 3407 pit,
261 3341 302 3392 uit
319 3360 390 3392 nune.
417 3344 556 3392 Eonsrrus.
601 3342 692 3390 Dubito
743 3359 835 3393 versum
853 3343 960 3410 plerique
979 3341 1073 3391 codices
1092 3356 1138 3389 non
1153 3356 1237 3406 agnos-

197 3426 466 3484 tmenansqucrecte
477 3421 580 3480 sumpta
592 3417 692 3471 dicatur,
741 3418 864 3475 suntsed
883 3417 953 3466 male.
969 3432 1011 3482 pro
1029 3433 1102 3465 vacus
1119 3416 1174 3463 suta
1191 3425 1239 3465 tres

198 3482 293 3543 tirum
306 3495 449 3556 pistor-oris.
467 3493 501 3541 its
511 3501 574 3541 certe
589 3493 693 3558 loquitur
742 3491 883 3541 libriur'dua.
917 3492 1006 3540 Hrsss.

199 3566 273 3635 Epist.
282 3568 397 3618 sium.
774 3568 816 3614 21.
833 3567 969 3630 Stet-risset]
988 3565 1062 3613 Miror
1073 3564 1237 3613 omnnsInter·

229 3642 261 3691 Ar
277 3652 305 3692 trs
314 3646 334 3692 si
348 3659 393 3706 qun
404 3644 456 3706 pie,
468 3641 570 3706 Lyncon,
581 3644 622 3690 itti
635 3658 692 3690 cura
742 3649 876 3705 pretestam
884 3656 964 3688 secure
973 3639 1017 3687 hoc
1026 3638 1123 3687 verbum
1131 3637 1238 3695 rnnsire,

260 3720 349 3765 sororis.
626 3733 628 3738 ⁴
742 3730 797 3762 cum
817 3723 881 3763 certe
902 3715 1027 3762 barbarum
1048 3712 1090 3760 sit:
1110 3710 1237 3759 dicendum

199 3792 278 3851 Qum
293 3800 317 3841 et
334 3792 372 3841 hic
387 3800 465 3858 posset
481 3790 537 3854 legi,
553 3794 584 3838 At
596 3800 625 3847 te,
635 3807 693 3837 rura
742 3790 805 3837 enim
821 3791 953 3838 stertuirset.
976 3787 1017 3836 sed
1033 3787 1077 3834 hoc
1092 3785 1180 3849 respuit
1199 3784 1237 3833 Iex

198 3870 265 3929 piaett'
277 3871 353 3931 tejam
361 3870 446 3932 tangit,
454 3867 540 3913 Oreste.
558 3865 598 3913 sed
610 3878 692 3929 parum
742 3862 861 3911 carminis.
874 3880 896 3909 v.
917 3861 1028 3910 Vossium
1039 3859 1070 3907 de
1080 3858 1184 3920 Anatog.
1195 3857 1238 3906 lib.

199 3942 337 4008 sbsstquin
347 3941 470 4007 proferam
479 3939 617 4003 scripturam
628 3937 692 3985 codi-
742 3936 777 3984 iii.
789 3952 812 3984 c.
824 3939 865 3985 31.
890 3935 1011 3984 Editiones
1024 3934 1123 3981 Venetis
1138 3939 1162 3979 et
1175 3931 1238 3996 Gry·

199 4014 406 4067 cithlliolcnsis:
423 4016 454 4063 At
466 4023 487 4063 te
495 4030 573 4061 caussa
583 4014 626 4060 mei
636 4015 654 4058 sr'
669 4020 692 4058 ts
741 4010 790 4076 phii
811 4027 865 4061 cum
892 4008 1001 4057 Palatino
1027 4005 1108 4053 codice
1135 4005 1237 4054 stetisset.

196 4094 237 4155 pis
256 4094 339 4156 tangit.
375 4089 420 4136 Pis
438 4104 515 4136 caussa
533 4085 628 4151 passim,
650 4101 691 4150 pro
741 4085 805 4148 quod
822 4100 890 4149 reque
907 4080 1024 4135 vitiosum,
1041 4093 1084 4126 nec
1102 4093 1182 4126 versus
1195 4078 1236 4126 ad·

196 4166 268 4232 justt,
281 4180 360 4231 equa.
378 4172 403 4212 ut
413 4179 467 4211 mox
478 4179 502 4210 r.
515 4162 554 4208 20.
571 4157 691 4207 ubietinm
741 4157 823 4205 mittit.
845 4170 926 4219 margo
944 4152 1038 4216 Micylli
1056 4160 1081 4198 et
1098 4151 1237 4199 Bersmsnni

198 4239 466 4303 diictdicsspiscurs.
484 4232 691 4284 emittentur.
742 4234 838 4285 rodim,
859 4228 924 4293 quod
944 4224 1016 4292 recipi
1033 4234 1128 4292 posset:
1158 4224 1238 4273 Sedere
