2896 4980
200 320 267 387 198
492 319 531 384 Ρ.
555 314 717 386 OVIDII
741 314 959 389 NASONIS.

205 494 279 579 Qui
297 517 382 569 mea
397 494 511 569 verba
528 492 663 578 lerunt,
682 491 816 564 vellem
834 501 899 564 tua
916 490 999 564 vela
1016 488 1203 575 referrent,

255 608 338 683 Hoc
356 622 406 696 te,
425 611 457 683 si
475 633 639 708 saperes,
658 608 771 693 lente,
791 608 951 681 decebat
968 630 1075 705 opus.
1168 608 1236 683 210

206 728 292 801 Sive
310 727 421 812 redis,
440 726 636 825 puppique
652 735 727 798 tuae
745 725 868 798 votiva
884 734 1062 822 parantur

253 842 432 931 Munera3
462 843 552 939 quid
571 845 712 916 laceras
731 853 885 940 pectora
902 852 1030 915 nostra
1046 839 1174 914 moral

205 959 314 1033 Solve
328 971 458 1033 ratem.
483 957 612 1032 Venus
623 968 705 1031 orta
715 958 820 1042 mari,
833 981 935 1030 mare
948 966 1104 1056 praestat
1115 978 1234 1029 aman·

252 1075 355 1150 Aura
372 1075 476 1149 dabit
494 1098 665 1160 cursum3
695 1084 735 1146 tu
754 1074 866 1145 modo
884 1073 986 1145 solve
1005 1083 1135 1147 ratem.
1181 1070 1232 1166 [ti.

143 1238 146 1243 -
204 1190 292 1290 lpse
310 1191 533 1288 gubernabit
551 1189 717 1263 residens
735 1190 773 1262 in
791 1214 919 1288 puppe
938 1187 1111 1287 Cupido:
1167 1190 1234 1263 215

253 1308 342 1407 Ipse
360 1309 465 1383 dabit
481 1307 610 1381 tenerd
626 1308 719 1393 vela,
739 1308 928 1403 legetque,
948 1329 1073 1379 manu.

204 1425 291 1498 Sive
305 1426 412 1522 juvat
428 1425 539 1521 longe
557 1423 696 1519 fugisse
715 1421 918 1518 Pelasgida
937 1420 1117 1519 Sapph03

251 1540 357 1639 (Non
373 1551 500 1615 tamen
517 1539 695 1624 invenies,
714 1562 780 1611 cur
798 1562 868 1633 ego
886 1537 1000 1634 digna
1016 1535 1138 1632 lugd.)
1191 1580 1194 1585 -

203 1654 286 1729 Hoc
300 1658 433 1731 saltem
451 1657 595 1730 miserae
613 1653 774 1727 crudelis
793 1653 953 1751 epistola
969 1653 1092 1726 dicat:

251 1773 306 1847 Ut
323 1775 412 1848 mihi
431 1772 628 1848 Leucadiae
646 1771 723 1845 fata
739 1779 914 1868 petantur
932 1793 1052 1867 aquae.
1166 1772 1234 1841 220

232 1944 290 1992 att.
310 1944 453 2008 Parentum]
472 1945 501 1993 ln
518 1943 637 1993 nonnullis
654 1960 696 2004 po·
745 1943 933 2000 saetuhabuerit,
944 1958 1006 1991 vera.
1017 1944 1079 1991 249:
1143 1958 1145 1963 ·

199 2034 286 2066 ramur.
302 2017 464 2076 Niceratus.
497 2018 558 2075 Quis
574 2015 697 2065 nonvidet
777 2017 976 2083 ’Λγνώσσειςὸη
987 2014 1234 2081 Κύπριςάπόσπορὸς

200 2091 272 2139 etiarn
283 2090 426 2139 reclamante
440 2091 548 2139 codicum
558 2091 604 2138 fide
615 2090 696 2154 legen·
810 2091 861 2141 ἐστι
872 2091 1010 2152 θαλάσσης,

199 2164 258 2212 dum
265 2182 382 2226 paramur,
395 2181 441 2213 non
450 2175 564 2227 parcatur
575 2180 605 2212 ex
615 2180 695 2213 arnan·
780 2167 830 2215 Kal
840 2166 934 2232 κρατέει
944 2166 1057 2216 πόντοιο.
1122 2165 1206 2213 Auta.

200 2237 231 2286 tis
256 2237 362 2287 affectui
384 2236 514 2302 significare
537 2238 600 2286 enim
622 2239 696 2286 voluit
778 2241 836 2290 212.
855 2242 917 2295 Quid
935 2240 1042 2303 lacerna]
1070 2240 1133 2294 Quid
1152 2240 1235 2288 cruciat

200 2321 396 2377 nuncupataase
411 2311 579 2378 ipsavotapro
594 2312 697 2360 Phaonis
743 2324 834 2376 pectora
846 2326 920 2363 neura
933 2318 987 2364 tuis.
1021 2313 1130 2363 Francos.

198 2386 285 2436 reditu.
318 2388 458 2437 Fourrrus.
501 2388 579 2436 Iocus
605 2387 697 2436 videtur
778 2389 836 2437 21³.
865 2389 961 2438 Praestut
986 2389 1098 2453 amanti]
1124 2387 1234 2437 Slicbtett·

199 2460 340 2522 mendosus3
356 2462 401 2510 nisi
411 2471 465 2527 post
475 2461 519 2510 hoc
529 2461 646 2511 distichon
657 2478 695 2510 te·
746 2462 846 2511 horstius
856 2464 959 2528 legebat,
967 2474 1052 2512 sternet
1061 2465 1137 2520 eunti,
1144 2470 1169 2511 et
1176 2468 1234 2511 certe

199 2543 286 2600 quatur
297 2535 366 2594 sslud,
382 2539 502 2598 sivejutut
514 2538 586 2602 longe.
604 2546 629 2585 et
639 2545 696 2586 tunc
745 2553 823 2585 umam
833 2537 916 2586 Phaon
925 2553 972 2586 non
983 2536 1030 2586 dici
1041 2544 1128 2602 potest,
1138 2544 1163 2586 et
1176 2536 1236 2584 eunti

198 2609 316 2658 constabit
336 2626 427 2659 sensus.
453 2610 586 2659 Harusrus.
619 2610 650 2658 Et
671 2610 696 2659 in
745 2620 781 2659 est
804 2611 829 2659 in
856 2611 936 2661 multis
963 2611 1107 2661 editionibus
1127 2608 1234 2675 antiquit·

198 2683 308 2733 Lincoln.
333 2694 434 2750 quatuor
448 2683 520 2733 medii
536 2701 616 2733 versus
632 2684 695 2733 desi-
746 2685 875 2735 Herssrus.
915 2688 966 2750 Ego
990 2685 1049 2734 nibil
1070 2694 1145 2736 muto.
1171 2700 1235 2735 orm

198 2757 350 2807 derahantur.
371 2748 421 2806 'nisi
442 2773 497 2821 ergo
517 2756 543 2806 in
562 2757 695 2823 parenthesi
745 2759 808 2806 enirn
820 2769 844 2808 et
854 2770 933 2808 votum
944 2760 1012 2816 latet,
1024 2768 1050 2808 ut
1066 2759 1096 2809 ad
1113 2776 1138 2809 sc
1155 2758 1236 2809 retiret

198 2841 322 2898 ponantur,
333 2832 417 2887 ethic,
429 2835 474 2880 sice
487 2835 556 2890 redis,
565 2834 636 2895 puppi
647 2850 697 2882 ecce
745 2847 835 2889 amans,
847 2833 910 2897 quod
920 2832 940 2881 si
950 2833 1030 2891 faciat,
1041 2842 1132 2882 eertum
1146 2842 1182 2883 eet
1191 2832 1235 2882 Ve-

199 2916 244 2953 tua
264 2910 337 2954 uotiua
350 2923 459 2969 paramur
480 2906 579 2970 legatur,
600 2922 695 2957 aeneum
744 2921 827 2954 nerem
847 2922 911 2954 mare
931 2906 1104 2971 praestituram
1130 2907 1194 2972 quia,
1212 2914 1237 2955 ut

199 2979 328 3030 uixvideo.
361 2982 451 3029 Bunrr.
744 2980 852 3044 sequenti
870 2981 986 3045 Epistola,
1003 2985 1030 3029 in
1046 2985 1161 3043 marejur
1176 2984 1236 3030 hebet

231 3056 283 3103 suu
302 3058 370 3111 redit,
391 3056 451 3118 δια]
482 3055 604 3104 AEsluasse
632 3055 696 3104 circa
745 3059 873 3102 ortumari.
909 3056 1022 3103 Praestare
1039 3056 1112 3105 ctiam
1130 3072 1177 3106 non
1191 3072 1236 3105 mo·

197 3129 243 3178 loci
251 3130 321 3195 hujus
328 3145 423 3177 sensum
431 3139 455 3177 et
464 3129 588 3177 Heinsiurn
599 3141 624 3178 et
634 3130 695 3177 Bur·
747 3127 857 3186 vendunt,
865 3129 921 3177 licet
928 3129 1000 3177 etiam
1011 3140 1095 3178 rtenret
1103 3128 1236 3180 Bertmmd

199 3218 310 3251 mannum
330 3202 446 3258 videmus,
466 3203 507 3267 qui
526 3212 606 3252 tamen
625 3204 695 3252 facile
744 3218 825 3266 margo
843 3204 939 3252 habeat.
958 3213 994 3252 est
1011 3204 1084 3260 eninr,
1096 3214 1124 3254 ut
1141 3214 1166 3253 et
1180 3220 1235 3271 pm·

197 3275 232 3323 sic
241 3276 352 3340 explicari
364 3276 450 3340 potuit.
478 3276 533 3323 Sive
544 3276 619 3325 redire
631 3278 695 3341 cogi-
744 3277 809 3331 bere,
821 3276 993 3325 benevolentia
1004 3279 1113 3327 verbum.
1134 3279 1221 3327 Bunrr.

198 3358 242 3405 tas,
254 3349 332 3413 etjam
340 3349 390 3412 jam
398 3353 485 3409 parasti
494 3365 599 3405 munera,
610 3351 695 3413 quibus
777 3352 835 3399 216.
854 3352 989 3414 Legctque]
1010 3352 1125 3416 Regetque
1135 3350 1237 3403 nonnulli

197 3440 241 3488 pro
259 3423 325 3471 salvo
346 3431 392 3470 tuto
412 3423 478 3470 navis
498 3422 576 3471 reditu
593 3424 647 3471 Diis
665 3440 695 3473 ex
744 3424 834 3489 scripti.
862 3424 903 3473 sed
927 3441 1065 3490 perperam:
1093 3434 1237 3492 opponuntur

199 3503 253 3544 voto
272 3495 353 3550 facias,
379 3510 420 3543 cur
442 3511 488 3542 non
511 3505 614 3543 maturas
635 3497 695 3545 illud
745 3499 808 3545 enirn
825 3502 880 3547 dare
898 3502 948 3547 sela
968 3509 993 3547 et
1013 3501 1092 3564 legere.
1128 3500 1192 3549 Dare
1207 3498 1236 3549 ad

198 3571 320 3635 coeptum?
337 3570 401 3616 Scalae
410 3579 490 3617 ratem.
525 3570 549 3617 N
550 3585 580 3617 ou
591 3586 649 3634 opus
659 3580 696 3620 est
745 3588 838 3620 cursum
847 3572 1025 3629 instituendum,
1035 3575 1118 3638 legere,
1127 3590 1182 3623 curn
1189 3590 1236 3640 pot·

198 3644 274 3693 rnulta
283 3642 325 3691 diu
344 3641 459 3691 advocare
476 3642 586 3691 numina:
604 3645 694 3703 Venus,
745 3652 795 3692 turn
807 3645 911 3709 attigerit
921 3646 996 3703 rravis,
1008 3656 1032 3695 et
1045 3648 1142 3697 cessarit
1152 3646 1243 3698 antri-¹

197 3727 279 3784 utpote
296 3719 356 3764 mari
380 3725 438 3772 orto,
462 3716 513 3764 sola
539 3717 563 3764 id
589 3730 695 3779 prestare
743 3721 846 3784 gatione.
881 3722 963 3769 Valer.
975 3721 1041 3769 Flac.
1053 3721 1079 3768 ii.
1094 3723 1134 3771 ta.

197 3792 286 3841 amanti
297 3799 390 3857 potest;
409 3791 491 3838 Venus
507 3799 530 3839 ct
542 3791 634 3857 Cupido
651 3810 693 3842 na·
775 3795 961 3843 —Flumirreo
970 3799 1036 3857 ‹aq'rrr
1045 3798 1165 3845 redeuntia
1175 3804 1236 3845 vem

197 3867 309 3933 vigationi
316 3875 363 3914 tute
374 3865 495 3914 favebunt.
512 3866 622 3922 suabe.
633 3869 692 3916 Ver·
780 3870 832 3917 l'elu
843 3872 933 3935 legunt.

197 3959 249 3992 sum
260 3949 340 3991 autern
351 3940 427 3989 huuc:
746 3943 783 3990 lta
801 3945 873 4009 legere
883 3943 970 4007 sunem
989 3943 1052 3991 idern
1074 3944 1092 3991 i.
1112 3945 1171 3991 ott.
1184 3946 1236 3991 dm

275 4015 416 4062 -l'cnus
426 4026 477 4063 orta
488 4019 553 4069 muri,
567 4033 627 4063 ruore
635 4033 693 4078 prae-
746 4018 793 4063 uelu
804 4018 900 4066 obvium
910 4025 954 4064 est.
986 4017 1077 4064 Burtu.

260 4092 395 4146 steterumt,
776 4093 832 4139 219.
850 4092 899 4141 Hoc
913 4093 990 4147 saltem
1007 4092 1112 4154 miserm]
1133 4090 1234 4139 oculte·

196 4164 259 4215 haud
269 4166 369 4215 dubium
376 4174 409 4214 cst
421 4166 478 4229 quin
486 4175 539 4215 ante
547 4165 628 4214 oculos
635 4166 693 4214 lllu-
744 4182 798 4214 cum
809 4165 911 4231 scriptis.
923 4174 950 4214 ut
964 4164 1094 4214 dictumad
1111 4164 1239 4231 Epistulam.
