2896 4980
460 306 674 376 AMORUM
697 306 788 373 LIB.
813 305 883 373 ΙΙΙ.
906 310 959 374 18.
1178 312 1243 378 489

205 481 367 579 Duxque
385 482 508 577 gregis
527 507 642 556 cornu
663 507 729 579 per
747 494 917 580 tempora
933 484 1027 555 dura
1040 506 1204 556 recurvo.

249 597 376 669 Invisa
392 609 450 670 est
466 596 626 670 dominae
645 598 725 670 sola
741 596 886 694 capella
904 596 1009 670 Deae.

203 710 303 785 Illius
321 713 457 786 indicio
475 712 577 787 silvis
596 713 745 786 inventa
763 714 833 785 sub
852 712 936 784 altis

248 826 396 901 Dicitur
413 827 601 925 inceptam
619 827 836 900 destituisse
849 826 988 921 sugam.
1191 834 1240 900 20

203 940 231 1013 N
238 965 308 1014 unc
327 966 479 1039 quoque
497 967 564 1040 per
582 966 717 1040 pueros
730 941 867 1037 jaculis
886 941 1084 1014 incessitur
1102 942 1236 1030 index;

248 1055 297 1130 Et
313 1058 475 1154 pretium
493 1058 635 1130 auctori
653 1057 814 1130 vulneris
834 1058 917 1155 ipsa
933 1059 1054 1130 datur.

202 1168 283 1254 Qua
301 1182 458 1245 ventura
476 1173 559 1246 Dea
576 1184 645 1257 est,
660 1173 818 1268 juvenes
837 1171 1056 1269 timidaeque
1074 1173 1207 1270 puellae

246 1284 484 1362 Praeverrunt
501 1291 595 1361 latas
612 1298 716 1361 veste
729 1289 881 1384 jacente
898 1289 989 1361 vias.

201 1398 362 1498 Virginei
380 1403 501 1476 crines
519 1428 609 1477 auro
627 1406 854 1501 gemmisque
872 1415 1112 1503 premuntur:
1190 1409 1237 1476 25

248 1515 298 1592 Et
314 1518 410 1615 tegit
426 1530 574 1594 auratos
589 1519 693 1618 palla
710 1521 873 1617 superba
888 1521 1019 1617 pedes.

202 1629 306 1707 More
323 1644 472 1731 patrum
492 1634 608 1732 Grajo
626 1636 757 1708 velatae
775 1634 942 1708 vestibus
961 1635 1055 1708 albis

246 1746 399 1821 Tradita
416 1751 611 1848 supposito
629 1752 767 1824 vertice
786 1774 892 1823 sacra
908 1750 1044 1823 ierunt.

202 1860 273 1935 Ore
290 1862 416 1937 favent
433 1867 574 1963 populi,
590 1878 679 1939 tunc
695 1891 782 1939 cum
800 1867 901 1938 venit
919 1890 1031 1939 aurea
1049 1889 1208 1963 pompa:

246 1976 336 2075 Ipsa
352 1980 566 2054 sacerdotes
584 1982 903 2078 subsequiturque
922 2005 1021 2053 suas.
1188 1984 1237 2053 30

200 2088 335 2186 Argiva
352 2105 410 2167 est
427 2120 575 2195 pompae
594 2096 720 2171 facies
774 2097 1057 2192 Agamemnone
1074 2122 1186 2181 caes0,

248 2204 297 2281 Et
314 2208 438 2282 scelus
451 2221 489 2283 et
506 2212 646 2309 patrias
664 2211 759 2308 sugit
777 2211 940 2286 Halesus
959 2237 1064 2310 opes,

199 2317 359 2420 Jamque
376 2328 573 2422 pererratis
591 2328 771 2426 profugus
789 2330 980 2424 ternique,
999 2327 1182 2422 fretoque,

247 2435 390 2513 Moenia
406 2440 504 2515 felici
522 2444 689 2517 condidit
706 2444 782 2517 alta
799 2468 923 2516 manu.

200 2548 265 2626 llle
283 2578 370 2659 suos
388 2556 516 2630 docuit
532 2558 557 2631 J
560 2560 697 2633 unonia
714 2583 820 2632 sacra
839 2558 1017 2631 Faliscos
1187 2559 1235 2627 35

247 2668 332 2743 Sint
348 2671 451 2757 milri,
471 2672 546 2745 sint
562 2675 701 2772 populo
719 2697 868 2770 semper
885 2672 1006 2744 amica
1023 2693 1104 2741 suo.

196 2803 281 2866 juribus
290 2806 353 2855 sumi
364 2806 461 2857 dixisset
470 2826 478 2868 ;
494 2812 575 2858 hostias
582 2827 646 2866 vero,
660 2809 690 2859 de
740 2810 770 2859 de
781 2810 856 2875 priore
867 2810 924 2872 suga
935 2807 1068 2871 intelligere
1085 2805 1180 2854 malim:
1202 2816 1237 2853 ta-

197 2877 323 2928 minoribus
343 2896 396 2946 quta
415 2893 470 2931 ante
491 2898 543 2932 aras
565 2884 690 2942 cadebant,
741 2885 809 2933 metsi
825 2886 884 2933 nihil
896 2884 954 2932 certi
969 2882 1118 2949 pronuntiare
1135 2896 1237 2946 possum.

197 2950 343 3001 animalibus.
376 2953 466 3004 Asin.
741 2960 836 3006 Macra.

230 3026 269 3075 19.
287 3025 356 3076 Illius
365 3029 451 3077 indicio
466 3032 535 3094 sylvis
548 3033 640 3079 intenta
650 3034 691 3080 sub
772 3033 812 3081 25.
831 3032 966 3092 Gernmaqae
974 3027 1130 3092 pronuntias]
1150 3026 1237 3074 Putea-

196 3101 255 3156 atra,
273 3101 369 3149 Dicitur
385 3105 504 3165 irwoeptam
514 3107 688 3171 destituissesa-
741 3122 800 3157 neus
815 3106 881 3160 alter,
893 3102 985 3167 Regius
1000 3118 1068 3156 unus,
1078 3102 1126 3149 duo
1139 3100 1237 3157 Mureti,

194 3173 269 3236 gaiu]
287 3176 395 3224 Obscura
413 3177 494 3226 tabula
509 3185 554 3235 est,
564 3194 636 3243 quam
652 3179 691 3228 bic
741 3187 766 3228 st
782 3187 829 3226 tres
848 3177 896 3232 alii,
908 3186 1027 3240 tegirntar.
1044 3175 1083 3222 bic
1100 3184 1236 3237 premantur

197 3247 271 3311 tangit
289 3249 380 3298 Poitu:
400 3265 478 3315 neque
496 3251 554 3300 alibi
573 3254 637 3316 apud
652 3269 693 3301 eos
741 3250 922 3316 praeterendum,
944 3258 1034 3298 tantam
1058 3248 1121 3296 enirn
1142 3248 1193 3296 auri
1213 3258 1238 3297 et

197 3329 311 3378 auctores,
320 3322 361 3386 qui
371 3331 462 3381 extant,
473 3324 569 3373 tradita.
595 3326 638 3374 Bis
649 3343 691 3374 au·
741 3340 885 3388 gemmarum
896 3322 988 3389 copiam
1004 3321 1104 3378 indicat,
1115 3330 1141 3369 ut
1152 3321 1190 3370 vix
1204 3324 1237 3371 le-

196 3400 243 3441 tern
266 3392 354 3458 fugisse
378 3396 442 3444 Juno
466 3397 574 3445 traditur.
606 3397 691 3453 Semel,
742 3396 814 3444 tendo
824 3396 950 3444 sufficiant.
985 3397 1074 3443 Euan.

195 3467 290 3531 quando
301 3467 366 3533 virgo
384 3469 462 3518 adhuc
479 3470 589 3527 exurens,
608 3472 691 3520 Jovem
773 3471 814 3517 28.
833 3470 928 3517 Tradita
939 3469 1024 3531 sacra]
1044 3468 1140 3517 Tradita
1150 3467 1237 3517 retine·

195 3540 280 3589 ausoris
302 3540 405 3606 impulsu
425 3542 491 3592 illam
511 3552 691 3609 persequentem
742 3556 799 3596 rem,
821 3542 863 3589 sed
881 3557 1022 3606 exponerem
1043 3556 1058 3589 a
1077 3538 1240 3590 sacerdotibus

195 3611 316 3678 fugiebat:
344 3630 392 3680 quo
413 3624 516 3681 tempore
544 3617 638 3682 Jupiter
665 3632 691 3665 se
741 3614 828 3664 tradita
837 3615 933 3665 terenda
942 3616 1080 3680 virginibus.
1114 3615 1204 3661 Banu.

194 3685 266 3735 stiam
282 3687 308 3735 in
316 3688 428 3737 cuculum
444 3689 585 3738 convertisse
596 3689 690 3745 dicitur,
774 3687 869 3737 Tradita
878 3689 962 3751 sacra]
974 3690 1035 3746 Qua
1047 3691 1174 3735 naamam
1185 3687 1235 3733 Ha-

195 3760 359 3824 ntiugient
369 3777 399 3810 ea
406 3762 484 3827 specie
491 3762 591 3811 falleret.
610 3764 689 3820 Quam
740 3761 811 3818 lesus,
819 3763 905 3810 Graeeo
912 3759 1130 3825 ruoreperficienda.
1147 3757 1236 3805 Asin.

195 3832 323 3882 armilla
338 3843 421 3899 postea
435 3835 507 3900 cepit,
518 3845 542 3884 et
557 3835 689 3884 interludi·
772 3837 812 3884 at.
832 3837 938 3884 Condidit
959 3834 1029 3896 atta]
1054 3836 1114 3894 Apta
1135 3832 1236 3879 Franco-

196 3905 395 3955 crnsualrabuit:
407 3906 690 3957 utinCorintlriacisme-
740 3909 932 3959 sumbernensis
949 3920 973 3957 et
990 3905 1164 3972 quatuordecim
1183 3905 1233 3959 olii.

196 3979 264 4028 mina
273 3979 413 4029 Pausanias.
446 3981 477 4028 Et
492 3981 585 4039 iterum,
596 3981 690 4047 quaudo
740 3984 888 4047 comprima
906 3982 1019 4029 editione.
1039 3990 1109 4027 aucta
1126 3978 1236 4027 Politian.

195 4051 237 4100 Dii
256 4055 411 4103 communiter
430 4070 512 4104 omnes
536 4055 646 4120 sugerunt
665 4056 690 4102 iu
740 4055 856 4105 sedrecte
864 4072 893 4104 ex
904 4072 963 4104 vers.
975 4057 1000 4103 6.
1024 4054 1238 4104 Mariusinmonte

197 4126 334 4192 AEagyptunr,
345 4136 411 4176 ructu
423 4127 555 4193 gigantum.
589 4127 635 4177 Sed
652 4127 690 4176 hic
741 4129 842 4192 positam
853 4131 933 4178 urbem
945 4128 1032 4177 docuit.

809 4208 869 4255 Fit
