2896 4980
228 283 305 351 '⁸14
531 280 571 344 P.
597 276 759 345 ovmn
782 270 995 346 NASONIS

238 454 391 529 Cornua
406 453 438 526 si
455 463 523 528 tua
539 474 639 526 nunc
657 451 722 525 ubi
739 451 826 538 sint,
846 449 1025 539 Achelde,
1044 451 1266 548 requiram3·

288 567 462 642 Herculis
479 568 575 642 iratt
594 566 713 642 fracta
729 589 887 664 querere
904 590 1030 641 manu.
1233 568 1280 638 36

239 682 321 757 Nec
339 684 433 758 tanti
452 683 638 781 Calydon,
657 706 727 756 nec
744 690 825 755 tota
842 681 980 756 AEtolia
996 682 1112 770 tanti,

288 798 376 872 Una
392 808 517 871 tamen
535 798 629 871 tanti
648 796 826 871 Deianira
842 795 924 870 fuit.

237 915 307 988 llle
325 915 445 988 fluens
461 913 567 987 dives
586 923 745 1011 septena
762 935 831 1011 per
848 912 945 985 ostia
963 911 1087 999 Nilus,

94 1016 101 1038 ⁹
166 1088 183 1107 ,,
287 1028 361 1113 Qui
380 1030 538 1128 patriam
555 1038 668 1102 tautoe
687 1038 764 1101 tam
782 1028 880 1100 bene
897 1028 996 1101 celat
1013 1052 1139 1124 aquae,
1231 1031 1279 1099 40

238 1144 370 1217 Fertur
386 1145 423 1215 iu
443 1142 600 1217 Euadne
618 1143 814 1216 collectam
832 1141 1001 1240 Asopide
1019 1143 1210 1216 flammam

286 1258 446 1332 Vincere
464 1259 673 1354 gurgitibus
691 1283 765 1332 non
785 1259 953 1356 potuisse
971 1260 1063 1331 suis.

237 1375 371 1448 Siccus
389 1383 432 1446 ut
449 1374 626 1471 amplecti
646 1373 865 1446 Salmonida
881 1383 1012 1470 posset
1030 1372 1213 1471 Enipeus,

286 1489 434 1563 Cedere
447 1488 562 1584 jussit
579 1511 737 1585 aquam:
760 1489 870 1583 jussa
887 1487 1044 1560 recessit
1060 1510 1173 1583 aqua.

237 1604 371 1678 Necte
390 1614 582 1703 praetereo,
601 1603 679 1700 qui,
700 1625 767 1700 per
783 1626 877 1675 cava
893 1625 986 1676 saxa
1002 1602 1199 1688 volutans,
1231 1602 1279 1673 46

285 1719 434 1792 Tiburis
453 1716 567 1814 Argei
585 1716 764 1815 spumifer
781 1741 869 1790 arva
886 1718 998 1814 rigas.

236 1834 307 1907 Ilia
326 1834 386 1906 cui
406 1833 560 1931 placuit,
580 1832 751 1929 quamvis
769 1841 850 1905 erat
867 1833 1016 1906 horrida
1032 1832 1150 1918 cultu,

287 1948 425 2043 Ungue
444 1959 573 2021 notata
587 1970 728 2033 comas
748 1970 873 2041 ungue
892 1958 1020 2022 notata
1035 1969 1164 2044 genas.

237 2064 318 2149 llla,
338 2086 492 2158 gemens
511 2063 711 2160 patruique
728 2061 846 2148 nefas,
866 2062 1080 2159 delictaque
1099 2060 1248 2147 Martis,

286 2177 446 2252 Errabat
461 2177 562 2249 nudo
579 2200 647 2274 per
664 2176 747 2249 loca
764 2177 845 2249 sola
862 2178 972 2274 pede.
1230 2179 1280 2249 50

234 2549 304 2590 cutus
322 2548 430 2589 auctores
448 2539 550 2597 videtur,
571 2539 613 2604 qui
634 2547 733 2587 matrem
815 2540 855 2589 43.
872 2539 972 2604 Siccsu.]
989 2539 1153 2602 Eortafictus.
1187 2534 1280 2600 Neptu·

234 2616 318 2664 namn
346 2615 433 2663 Theben
458 2614 523 2671 t‘scit,
544 2630 591 2663 non
613 2614 733 2676 Meropen:
783 2629 827 2663 nus
842 2613 906 2664 euim
916 2613 1001 2679 Enipei
1011 2613 1108 2661 sormsm
1124 2609 1279 2659 sdsumsssst.

235 2688 276 2737 ulii
287 2687 358 2736 etism
376 2688 454 2752 plures
464 2688 538 2753 Asopi
548 2688 609 2737 filias
620 2703 733 2737 annume-
786 2686 1052 2754 Propert.lib.i.Eleg.
1064 2683 1116 2733 xiii.
1149 2683 1241 2731 Hmus.

235 2771 303 2811 runt:
321 2770 347 2809 ut
359 2762 471 2818 Cleonem,
486 2778 500 2810 a
517 2778 566 2826 qua
576 2762 680 2811 Cleionae
692 2777 733 2827 np-
816 2763 857 2810 46.
875 2760 991 2826 Spumsfer
1006 2756 1159 2822 amarigus]
1179 2752 1281 2819 Possffae

234 2835 317 2901 pidum
335 2835 405 2899 justu
424 2836 555 2883 Nemeam:
578 2836 697 2892 Plateam,
718 2849 733 2883 s
782 2836 917 2884 Puteaueus
927 2844 952 2882 et
967 2831 1009 2881 slii
1021 2846 1107 2896 magno
1116 2844 1224 2878 numeru.
1239 2844 1280 2894 op·

234 2907 384 2974 quaPlatee
391 2908 503 2973 oppidum
510 2908 624 2956 Boeotiae:
638 2908 732 2966 Beroen,
782 2910 848 2957 time.
867 2906 941 2955 'Iibur
958 2906 1021 2955 euim
1039 2903 1109 2970 copis
1125 2912 1151 2952 et
1166 2911 1280 2967 prestan-

234 2998 305 3048 aqus
315 2982 390 3030 Beroii
397 2980 511 3046 oppidum
522 3000 528 3028 r
541 2981 597 3030 item
605 2982 731 3039 Euboism,
783 2984 816 3032 tia
827 2997 947 3047 pomorum
965 2978 1154 3028 laudatissimum
1168 2976 1281 3042 untiqu'u.

235 3074 250 3106 a
261 3073 308 3122 qun
319 3056 401 3105 insulse
413 3071 512 3103 nomeu:
529 3064 554 3104 et
566 3057 668 3112 cumben,
679 3071 732 3120 quc
783 3059 914 3106 Heinsius.
937 3054 1001 3112 Quis
1011 3053 1132 3102 hicPo'e'ts
1143 3051 1193 3116 egit
1203 3051 1235 3101 de
1244 3065 1281 3100 rs·

234 3140 260 3180 et
283 3131 373 3178 Chalcis
392 3129 465 3177 dicta.
487 3128 517 3177 de
537 3129 624 3193 quibus
647 3131 733 3195 purtim
782 3130 844 3196 pidis
861 3127 940 3176 fluviis
956 3136 980 3175 et
997 3126 1171 3190 magninrecte
1189 3123 1282 3174 cerisnit

236 3204 365 3252 Pausanias
383 3203 407 3250 in
424 3202 527 3258 Boeotis,
546 3203 630 3268 partim
647 3205 732 3253 Eusta·
782 3202 952 3258 Broukbusius,
959 3201 1062 3266 optimus
1070 3200 1198 3248 Poetarum
1208 3198 1280 3248 inter·

234 3277 298 3326 thius
308 3276 332 3324 in
343 3279 368 3325 2.
381 3276 451 3325 Iliad.
469 3278 614 3327 Mrcrnuus.
631 3277 732 3327 Ritters·
782 3293 844 3342 pres,
853 3275 964 3341 Pontisers'
971 3274 1091 3340 epitheton
1099 3272 1281 3323 hoelocovstde

236 3349 318 3398 husius
339 3357 405 3397 notat
422 3349 453 3397 ud
467 3349 570 3414 Oppiani
589 3350 658 3398 lib.i.
671 3367 732 3400 vers.
782 3368 833 3400 esse
842 3351 930 3407 debile,
941 3365 1017 3415 neque
1028 3349 1059 3397 sd
1075 3347 1237 3396 nmmutemn
1247 3348 1281 3396 fs·

234 3425 275 3471 25.
307 3421 453 3470 Herodotum
465 3422 525 3470 duns
535 3421 732 3480 nominarefiliss,
782 3443 846 3476 cere.
866 3425 921 3475 vide
941 3442 996 3474 eum
1013 3424 1044 3472 ud
1061 3425 1168 3489 Propert.
1185 3422 1231 3472 lib.
1246 3423 1281 3472 ir.

237 3497 324 3545 Theben
347 3503 371 3542 et
390 3496 509 3560 AEgr'nam.
537 3511 637 3559 quarum
660 3496 731 3551 banc,
783 3501 852 3564 Eleg.
871 3500 912 3547 vii.
929 3514 991 3547 vers.
1008 3499 1050 3546 81.
1072 3506 1098 3546 et
1115 3505 1179 3545 certe
1196 3495 1282 3545 melius

234 3585 289 3618 cum
300 3576 367 3633 pater
384 3565 472 3615 indicio
482 3566 576 3632 Sisyphi
588 3568 734 3632 cognovisset
783 3572 898 3637 Spumffer
907 3572 1018 3621 convenit
1026 3569 1106 3626 fluvio,
1115 3567 1159 3633 qui
1173 3585 1217 3630 psr
1226 3585 1283 3617 esus

234 3644 265 3693 ab
280 3644 341 3692 Jove
357 3650 457 3704 ruptum,
473 3656 618 3705 persequens
635 3641 733 3690 fulmine
783 3664 836 3695 sara
859 3648 954 3702 salutm,
970 3644 1034 3694 unde
1054 3659 1139 3708 spuma
1154 3642 1238 3692 oritur.
1257 3651 1282 3692 et

234 3726 313 3768 tactus
323 3723 368 3764 est.
403 3713 522 3762 Diodorus
537 3713 632 3762 Siculus
647 3715 689 3764 lib.
699 3716 733 3765 iv.
784 3720 885 3782 Dionys.
898 3718 1005 3768 Helicnr.
1024 3717 1068 3765 tib.
1082 3733 1106 3764 v·
1123 3731 1178 3781 cup.
1190 3716 1234 3765 ³7.
1249 3715 1282 3765 de

234 3787 359 3840 duodecim
376 3786 437 3837 filias
449 3788 472 3837 ei
490 3787 579 3844 tribuit,
590 3804 691 3853 qusmm
707 3799 732 3839 et
781 3793 884 3842 Aniene:
902 3791 944 3851 ὀς
960 3792 986 3842 le
1000 3789 1095 3849 πολέως
1109 3788 1281 3855 μὶνΤιβὺρνν

233 3863 329 3913 nomina
343 3869 456 3911 recenset.
489 3861 601 3910 Ceterum
611 3862 730 3912 Scholias-
780 3867 832 3916 suff
853 3866 951 3930 ὑψηλοῦ
970 3868 1051 3924 πολὺς
1068 3863 1174 3930 ἐκχεῖται
1192 3861 1281 3913 unni·

233 3948 269 3986 tes
286 3935 392 3984 Pindari.
412 3951 453 3984 sex
469 3944 585 3991 recenset,
599 3936 655 3993 illis,
672 3952 732 4002 quss
780 3942 836 3990 λου.
870 3941 959 3989 Buris.

233 4009 348 4074 Micyllus
365 4018 494 4065 enumeret,
512 4008 603 4058 addens
623 4011 732 4060 Nemean.

233 4084 323 4131 Buris.
