2904 4994
471 301 685 369 Amulium
709 300 799 368 LIB.
824 301 945 368 111.7.
1177 304 1246 368 417.

199 475 328 551 Fontis
346 476 464 552 habes
482 477 598 550 instar
611 475 849 574 pluviamque
867 473 1047 572 nivesque
1064 477 1223 563 solutas;

180 602 184 609 ’
249 589 353 675 Quas
370 591 439 664 tibi
455 591 604 666 divitias
622 591 729 689 pigra
746 592 933 665 ministrat
949 591 1082 665 hiems.

197 704 276 780 Aut
292 706 497 780 lutulentus
515 706 596 802 agis
613 706 771 780 brumali
790 718 958 804 tempore
976 730 1127 781 cursus:
1192 711 1239 780 95
1294 794 1302 809 ,

248 819 326 895 Aut
339 822 478 920 premis
497 833 663 895 arentem
681 823 961 920 pulverulentus
979 823 1146 895 humum.

197 933 293 1020 Quis
309 947 349 1011 te
366 949 446 1010 tum
464 937 587 1034 potuit
604 937 735 1010 sitiens
753 937 900 1010 haurire
917 938 1059 1011 viatori

247 1049 343 1136 Quis
361 1053 468 1148 grata
486 1051 582 1126 dixit
598 1076 702 1139 voce,
722 1052 904 1127 Perennis
922 1055 1012 1128 eas?

198 1161 413 1243 Damnosus
430 1167 556 1266 pecori
574 1170 704 1255 curris,
723 1170 936 1244 damnosior
953 1169 1064 1266 agris.

249 1284 418 1359 Forsitan
431 1284 512 1358 haec
526 1283 641 1373 alios;
670 1286 1241 1360 memeadamnamovent.100

198 1398 299 1473 Huic
316 1423 388 1497 ego
404 1424 460 1476 voe
477 1400 634 1475 demens
651 1404 847 1477 narrabam
860 1401 1056 1474 fluminum
1073 1398 1241 1473 amores?

246 1514 271 1590 J
273 1526 420 1589 actasse
438 1516 590 1612 indigno
608 1520 761 1593 nomina
777 1528 882 1592 tanta
898 1517 1028 1616 pudet.

199 1630 340 1706 Nescio
353 1631 445 1729 quid
459 1643 648 1729 spectans,
661 1636 854 1710 Acheloon
869 1645 908 1707 et
921 1633 1088 1706 Inachon
1099 1653 1240 1714 amnes,

249 1745 300 1821 Et
317 1747 421 1845 potui
439 1771 587 1834 nomen,
608 1749 644 1822 N
648 1748 708 1836 ile,
724 1750 859 1824 reserre
877 1759 997 1821 tuum.

124 1897 129 1902 ·
199 1863 251 1937 At
267 1863 335 1937 tibi
353 1886 420 1960 pro
438 1863 579 1937 meritis
597 1876 699 1962 opto,
719 1889 793 1938 non
810 1863 970 1938 candide
988 1873 1146 1946 torrens,
1172 1864 1240 1932 105

251 1978 336 2052 Sint
352 1977 480 2075 rapidi·
490 1980 601 2065 soles,
621 1982 798 2079 siccaque
815 2003 964 2077 semper
981 1978 1113 2053 hiems.

550 2365 777 2440 ELEGIA
803 2365 894 2439 VII.

201 2518 252 2590 At
269 2542 344 2590 non
362 2519 522 2594 formosa
540 2529 609 2604 est,
629 2529 760 2591 utnon
778 2521 874 2594 bene
892 2521 994 2596 culta
1011 2518 1152 2619 puella

250 2632 314 2718 At,
333 2645 438 2732 puto,
458 2659 532 2708 non
549 2633 644 2706 votis
662 2656 764 2730 saepe
784 2635 902 2730 petita
919 2636 1028 2709 meis!

201 2729 310 2806 Hanc
328 2745 454 2807 tamen
473 2734 510 2806 in
528 2732 650 2804 nullos
668 2733 771 2804 tenui
789 2734 886 2807 male
903 2733 1103 2830 languidus
1123 2754 1224 2814 usne,

253 2847 329 2921 Sed
344 2849 446 2945 jacui
465 2848 572 2945 pigro
590 2846 730 2918 crimen
744 2870 914 2945 onusque
931 2861 1025 2922 toro.

231 3087 272 3136 97.
289 3087 347 3142 Qrair
366 3097 388 3136 te
406 3100 511 3151 unqrrorn'
522 3087 621 3150 potuit]
642 3088 699 3141 Quis
783 3090 882 3138 Mantua
903 3108 934 3139 ur
952 3094 1036 3138 mirere
1053 3088 1149 3135 nimium
1169 3088 1244 3133 vicino

198 3169 222 3210 te
232 3170 280 3209 tam
289 3165 363 3222 potuit
375 3162 519 3210 Puteaneus.
537 3163 618 3226 probe.
636 3162 698 3209 esa·
815 3163 934 3212 Cremona.

199 3249 230 3282 vo
240 3243 345 3298 ternpore
355 3233 474 3289 nimirum,
485 3233 580 3299 quando
594 3242 699 3282 arentem
753 3235 788 3283 i'oe
798 3237 861 3284 enim
872 3236 989 3302 particula
998 3236 1038 3299 (ut
1048 3234 1118 3282 docet
1128 3233 1193 3282 Geli.
1204 3233 1245 3282 lib.

200 3307 299 3356 humum
309 3306 488 3373 pulverulentus
498 3307 592 3372 premis.
610 3307 699 3355 Heme.
749 3328 772 3358 v.
784 3310 897 3358 Noctium
907 3308 1053 3371 Atticarum)
1069 3307 1187 3356 interdum
1204 3323 1245 3357 au·

231 3380 272 3428 99.
291 3380 418 3427 Damimnu
427 3383 502 3440 pecori
512 3382 595 3435 crima,
607 3382 699 3428 ‹inmuo-
749 3390 798 3447 get,
808 3374 927 3433 interdum
934 3383 1034 3431 minuit:
1055 3381 1110 3430 inde
1120 3384 1247 3439 retenens,

197 3457 244 3503 rior
259 3453 343 3519 ogra]
362 3453 542 3504 Commendo
559 3462 615 3519 potu
632 3454 698 3502 uoci·
748 3461 877 3524 vegrande,
897 3474 1001 3515 uerum,
1017 3466 1042 3506 et
1063 3461 1171 3506 mordes
1187 3458 1246 3506 dici·

199 3544 238 3585 νο,
248 3537 273 3576 et
283 3527 347 3593 quod
358 3544 388 3576 ex
398 3543 426 3576 eo
442 3527 467 3577 in
484 3529 577 3577 morbos
594 3528 700 3577 incidunt
749 3547 810 3581 mur.
844 3533 960 3582 Mauros.

199 3617 298 3668 pecora:
315 3601 357 3650 red
369 3603 465 3663 sonasse
473 3602 549 3667 magis
559 3602 589 3651 de
600 3602 700 3651 inunda-
785 3605 839 3654 106.
858 3606 944 3668 Rapidi
957 3603 1031 3668 solea]
1050 3604 1135 3652 norun
1152 3604 1247 3668 Neapo-

200 3678 263 3724 tione
273 3676 418 3725 stabulorum
429 3686 453 3725 et
463 3692 602 3742 pascuorum
612 3676 699 3725 intelli·
749 3677 818 3727 litari.
840 3678 882 3727 sed
900 3688 926 3728 et
940 3680 1036 3741 rapidus
1051 3679 1083 3725 rol
1098 3685 1175 3741 potest
1191 3675 1247 3729 dioi,

200 3748 312 3813 gendum.
344 3750 373 3798 In
391 3750 536 3816 quibusdam
552 3750 624 3800 etiam
641 3750 700 3815 legi·
750 3751 808 3816 quia
823 3752 902 3801 calore
923 3767 967 3800 suo
987 3750 1196 3812 omnisapiens
1214 3748 1248 3795 ito

202 3832 253 3871 ΜΠ
751 3824 838 3889 virgil.
849 3826 882 3873 ἰν.
891 3826 977 3889 Georg.
988 3824 1044 3871 425.
1055 3825 1161 3883 rapidam
1169 3824 1248 3868 sirium

236 3895 363 3944 Damnatus
382 3900 465 3959 pecori,
486 3900 555 3947 ruitis
576 3901 702 3948 damnosior
751 3899 821 3949 dixit.
838 3909 863 3949 et
873 3903 959 3962 rapide
967 3901 1076 3962 flumme,
1087 3896 1251 3959 rupidrrriguis

267 3971 340 4033 agria.
572 3972 669 4018 Mrcrr.
752 3974 839 4037 passim
861 3973 980 4021 dicuntur.
1008 3971 1056 4018 vid.
1080 3969 1120 4016 vii.
1148 3968 1249 4015 Metam.

239 4043 294 4090 lor.
310 4042 516 4104 i'oedemenfflsae
525 4043 702 4098 &ercunualdo
753 4045 810 4091 ³27.
845 4046 932 4093 Burin.

202 4115 311 4165 demens.
330 4125 357 4163 ut
368 4113 432 4180 apud
444 4114 530 4178 virgil.
542 4116 567 4163 in
578 4117 638 4164 Buc.
675 4156 679 4163 .

268 4195 343 4245 vot.
360 4196 382 4244 l.
811 4197 855 4244 Ee
