2896 4980
493 386 754 455 Ennomus,
778 387 848 452 ΕΡ.
871 387 954 495 Vll.
1201 395 1246 463 79

874 488 1098 547 ‚9r„‹31„·.¹,!,'s,
1124 528 1139 544 a
1152 524 1163 551 ,Ι

207 562 243 636 N
246 588 289 639 ec
307 566 404 639 mole
421 573 530 663 porta
545 564 610 637 diu
627 515 988 661 tenentiupejusque
1004 497 1201 665 ielidqudt.

256 678 435 769 Exsulet;
464 692 503 755 et
519 691 598 754 toto
616 691 759 777 quaerat
776 681 815 753 in
831 680 921 754 orbe
937 679 1076 777 fugam.

206 793 329 878 Quam
346 795 448 870 fratri
467 820 644 893 germana
659 795 741 882 suit,
760 796 971 892 miseroque
988 799 1133 894 parenti

256 911 369 1000 Filia;
398 923 475 986 tam
491 914 601 999 natiS,
620 923 698 985 tam
715 912 765 984 sit
781 911 918 985 acerba
927 911 1017 986 viro.
1171 919 1241 989 160

206 1027 303 1100 Cum
321 1053 436 1115 mare,
456 1053 541 1103 cum
559 1041 675 1102 terras
693 1028 951 1114 consumserit,
970 1029 1054 1102 nera
1070 1038 1202 1105 tentet.

255 1143 364 1220 Erret
382 1147 502 1243 inopS,
522 1169 672 1242 exspes,
691 1144 794 1217 caede
812 1153 967 1218 cruenta
983 1169 1062 1218 sun.

206 1258 297 1334 Haec
315 1287 386 1357 ego
403 1262 577 1359 conjugio
594 1261 763 1336 fraudata
779 1260 981 1334 Thoantias
1000 1285 1084 1349 0r0;

253 1375 375 1451 Vivite
398 1377 544 1463 devoto,
563 1388 768 1475 nuptaque,
786 1377 929 1476 virque,
948 1389 1041 1453 toro.

507 1721 809 1798 EPISTOLA
844 1723 935 1798 Vll.

452 1892 457 1901 ¹
565 1906 685 1971 DIDO
708 1907 877 1972 AENEAE.

205 2071 280 2157 Sic,
300 2070 365 2143 ubi
382 2069 458 2142 sata
473 2080 619 2154 vocant,
639 2070 723 2142 udis
741 2071 911 2167 objectus
928 2070 967 2143 in
984 2072 1122 2158 herbis,

252 2185 313 2259 Ad
329 2186 425 2259 vada
443 2183 626 2258 Maeandri
644 2184 807 2258 concinit
824 2185 931 2260 albus
949 2187 1038 2261 olor.

234 2372 254 2418 A
266 2372 357 2419 totidem
367 2372 428 2418 nutis
438 2372 492 2418 ortu
501 2372 531 2418 sit
542 2380 609 2432 utque
619 2371 691 2433 uim]
777 2373 796 2419 A
809 2372 900 2419 totidem
910 2373 971 2420 nutis
980 2373 1033 2419 ordo
1042 2373 1080 2428 sit,
1087 2389 1145 2435 uqsue
1155 2375 1213 2421 uiro.

203 2443 286 2492 Ortus
295 2447 356 2492 mtis
363 2443 505 2508 infrequens.
521 2444 634 2493 usitatum
641 2445 695 2491 ordo
744 2444 833 2493 Incnm
843 2444 972 2501 Ciceronis,
982 2461 1053 2510 quem
1068 2445 1146 2494 innuit
1162 2446 1237 2494 Hein-

201 2521 270 2574 natis,
281 2528 322 2566 sut
338 2527 453 2565 natorum.
486 2515 581 2565 Deinde
593 2518 637 2564 illo
649 2520 696 2565 uiro
744 2518 800 2576 sius,
807 2526 843 2567 est
851 2535 905 2585 esp.
914 2521 954 2568 2³.
963 2519 1005 2567 ubi
1015 2519 1131 2569 videndus
1136 2520 1240 2585 Sylvius.

200 2591 335 2640 Puteaneus
344 2599 368 2639 et
378 2589 463 2654 reliqui
473 2589 587 2654 plerique.
620 2591 695 2654 Iege·
724 2649 732 2659 .
744 2593 834 2642 Bonis.

200 2667 267 2715 bem:
779 2669 835 2716 lot.
853 2667 883 2715 lu
897 2670 948 2715 orde
955 2667 1065 2733 fugem]
1089 2665 1179 2715 Durius
1189 2665 1240 2716 dic·

234 2740 375 2788 Dntntiden
384 2739 445 2786 sutis
455 2739 508 2784 orta
518 2738 685 2793 sit‚orbnuit·o.
745 2748 803 2797 tum,
824 2757 922 2803 qsmere
940 2741 1038 2805 fugam:
1063 2749 1139 2802 petere
1152 2738 1240 2804 sugens

199 2814 257 2864 Vid.
271 2813 378 2878 supmd
393 2829 417 2860 v.
429 2812 471 2860 29.
496 2811 561 2860 Dure
576 2826 605 2859 ex
621 2810 695 2860 veteri
744 2830 786 2879 pm
796 2813 1059 2876 sugeredicinovimus.
1093 2811 1240 2869 Qumtorte

199 2888 307 2938 tonnulu.
328 2887 361 2934 Di
371 2888 431 2941 date,
442 2894 466 2933 et
478 2886 512 2933 Di
522 2888 585 2941 deut,
596 2901 695 2948 quornm
745 2888 783 2936 hic
795 2904 840 2936 non
851 2887 978 2952 rejicienda
990 2886 1102 2935 Vsticsni
1113 2884 1181 2936 unius
1191 2886 1239 2935 lec·

199 2962 264 3029 pleni
274 2961 398 3026 scriptores
408 2960 508 3024 antiqui.
539 2960 626 3008 Noster
635 2959 695 3007 libro
744 2962 785 3020 tio,
795 2971 881 3025 queret
892 2964 918 3009 in
931 2963 982 3010 orbs
988 2961 1070 3024 fidem,
1081 2970 1107 3010 ut
1124 2976 1240 3024 nusquam

199 3035 251 3084 xiii.
267 3035 370 3082 Metam.
383 3034 424 3081 to.
433 3032 473 3097 qui
483 3033 550 3081 locus
560 3032 632 3096 vulgo
642 3048 694 3098 pes-
744 3036 823 3093 fidem,
833 3042 858 3084 at
866 3034 954 3100 ubique
962 3034 1085 3101 perfidiam
1092 3034 1240 3083 inventurum

198 3109 257 3158 sime
264 3107 371 3156 habitus:
743 3111 893 3175 imprecetur.
911 3107 955 3156 nisi
964 3108 1142 3174 queratfugum
1149 3106 1240 3157 dictum

272 3180 543 3243 ——Ln'e'rtiudoeque
551 3183 654 3242 preconis
745 3185 799 3250 quis
814 3183 879 3240 velit,
898 3192 925 3231 ut
940 3193 1017 3246 petere
1028 3183 1126 3248 fugam
1144 3182 1174 3231 de
1192 3197 1240 3247 quo

232 3257 287 3311 Qun
307 3257 403 3303 meruit:
422 3272 471 3318 quae
491 3256 525 3303 Di
543 3257 597 3303 dent
617 3254 630 3303 ti
650 3272 695 3303 uon
745 3258 844 3308 Decies.
861 3257 953 3307 ndJul.
965 3258 1028 3306 Cres.
1038 3257 1066 3306 ii.
1077 3257 1108 3306 de
1119 3255 1241 3306 Betosl.

262 3348 321 3380 vatus
329 3331 437 3391 prame
744 3329 1239 3394 ut.etpeemum,uron.sd1.iv.xtii.

199 3406 232 3454 Τὸ
251 3407 304 3453 ordo
323 3404 435 3452 nimirum
451 3401 571 3467 geminare
586 3401 695 3451 librarius
743 3409 769 3457 8.
781 3420 835 3456 nam
851 3416 876 3455 et
890 3406 929 3455 hic
943 3407 1112 3455 unusStrozoe
1127 3404 1239 3461 habebut,

198 3478 342 3541 neglexerat,
353 3486 381 3527 ut
390 3493 462 3545 sepe.
482 3492 530 3541 qus
539 3476 570 3525 de
581 3491 605 3525 re
616 3489 695 3540 supro.
743 3492 828 3546 qma
838 3485 864 3529 tn
873 3484 924 3530 arte
933 3485 1003 3530 viam.
1036 3481 1129 3530 Βυιι.

198 3551 285 3616 ulloqui
307 3562 386 3600 autem
402 3552 487 3600 Jovem
502 3551 604 3608 videtur,
620 3564 693 3614 quare
779 3558 833 3606 169.
858 3556 961 3619 Protei]
987 3555 1098 3619 Absyrto,
1116 3567 1187 3617 quem
1204 3551 1239 3600 la-

198 3633 222 3673 et
238 3628 291 3675 sdes
307 3641 378 3691 supra
392 3640 434 3691 pro
448 3628 510 3673 adest
524 3622 692 3690 reponendum,
743 3632 827 3680 nigvit,
847 3631 966 3693 Parma]
991 3631 1078 3684 Alite,
1096 3643 1168 3691 quem
1189 3634 1240 3673 eret

197 3707 224 3748 ut
230 3701 281 3766 jorn
291 3701 401 3750 diximus.
426 3699 471 3749 nisi
488 3699 570 3756 mstis,
578 3697 642 3763 quod
653 3713 692 3747 ve·
743 3705 818 3755 iatum
829 3704 931 3762 interire,
939 3720 993 3753 cum
1001 3709 1094 3768 ruptum
1104 3699 1187 3748 fuisset
1197 3714 1239 3747 uu-

197 3788 248 3823 rum
259 3774 353 3824 omniuo
364 3774 471 3823 videtur:
743 3795 809 3828 reum
821 3778 907 3826 vellus.

230 3849 251 3896 A
261 3849 352 3897 totidem
362 3852 424 3896 notis
433 3850 487 3896 ordu
497 3849 534 3903 sit,
544 3856 610 3908 atque
618 3847 676 3893 uiro.
778 3854 834 3901 160.
846 3851 936 3914 Natis]
949 3849 1054 3913 Didymo
1063 3845 1240 3896 et’l'ltesnndrn.

197 3921 261 3968 Num
275 3923 330 3968 orda
346 3922 374 3968 ol>
384 3923 526 3983 optimatibus
542 3922 617 3968 concio
631 3917 695 3983 apud
746 3926 823 3990 Vim]
841 3924 931 3981 Jmni,
942 3938 1014 3988 quem
1026 3921 1058 3970 nd
1073 3934 1158 3969 necem
1167 3918 1240 3968 etiem

198 3991 345 4050 (iseronem,
359 3994 472 4044 Oratione
487 4010 529 4060 pro
543 3993 637 4048 Flacco,
652 4007 694 4039 ex·
742 4000 846 4067 impulit.
880 3999 947 4047 Aur.

197 4073 260 4115 stare
286 4065 445 4130 deprehendo.
483 4067 615 4116 Heinsius.
665 4064 695 4111 In

199 4137 288 4187 Douse
300 4136 443 4186 codioe'erst
459 4139 694 4190 cumtotidesrnntir.
780 4139 802 4186 l.
820 4137 858 4185 Sic
875 4134 938 4196 utut]
964 4132 1004 4180 Ab
1024 4131 1070 4179 hnc
1086 4127 1240 4179 similitudine

198 4209 386 4278 lgolegendurn
395 4225 492 4261 censeo:
745 4209 861 4262 dectinet
873 4205 980 4274 plerique
990 4203 1120 4270 Epholsm
1132 4201 1194 4254 tenc
1202 4218 1240 4256 or·¹
