<?xml version="1.0" encoding="UTF-8"?>
<!DOCTYPE html PUBLIC "-//W3C//DTD XHTML 1.0 Transitional//EN"
    "http://www.w3.org/TR/xhtml1/DTD/xhtml1-transitional.dtd">
<html xmlns="http://www.w3.org/1999/xhtml" xml:lang="en" lang="en">
 <head>
  <title>
</title>
<meta http-equiv="Content-Type" content="text/html;charset=utf-8" />
  <meta name='ocr-system' content='tesseract 3.04.00' />
  <meta name='ocr-capabilities' content='ocr_page ocr_carea ocr_par ocr_line ocrx_word'/>
</head>
<body>
  <div class='ocr_page' id='page_1' title='image "./povidiinasoniso01burmgoog_0271.png"; bbox 0 0 2896 4980; ppageno 0'>
   <div class='ocr_carea' id='block_1_1' title="bbox 395 312 1166 391">
    <p class='ocr_par' dir='ltr' id='par_1_1' title="bbox 395 312 1166 391">
     <span class='ocr_line' id='line_1_1' title="bbox 395 312 1166 391; baseline 0.016 -11"><span class='ocrx_word' id='word_1_1' title='bbox 395 312 658 381; x_wconf 85' lang='lat' dir='ltr'><strong>HEROIDES.</strong></span> <span class='ocrx_word' id='word_1_2' title='bbox 681 315 752 381; x_wconf 87' lang='grc' dir='ltr'><strong>ΕΡ.</strong></span> <span class='ocrx_word' id='word_1_3' title='bbox 768 314 880 385; x_wconf 85' lang='lat' dir='ltr'><strong>XIX.</strong></span> <span class='ocrx_word' id='word_1_4' title='bbox 1100 324 1166 391; x_wconf 79' lang='lat'><strong>268</strong></span> 
     </span>
    </p>
   </div>
   <div class='ocr_carea' id='block_1_2' title="bbox 113 484 1161 1632">
    <p class='ocr_par' dir='ltr' id='par_1_2' title="bbox 122 484 1135 709">
     <span class='ocr_line' id='line_1_2' title="bbox 122 484 1135 597; baseline 0.015 -38"><span class='ocrx_word' id='word_1_5' title='bbox 122 484 206 560; x_wconf 89' lang='lat' dir='ltr'><strong>Non</strong></span> <span class='ocrx_word' id='word_1_6' title='bbox 222 484 335 575; x_wconf 81' lang='lat' dir='ltr'><strong>favet,</strong></span> <span class='ocrx_word' id='word_1_7' title='bbox 353 498 396 562; x_wconf 90' lang='lat' dir='ltr'><strong>ut</strong></span> <span class='ocrx_word' id='word_1_8' title='bbox 412 513 511 563; x_wconf 88' lang='lat' dir='ltr'><strong>nunc</strong></span> <span class='ocrx_word' id='word_1_9' title='bbox 529 499 600 575; x_wconf 89' lang='lat' dir='ltr'><strong>est,</strong></span> <span class='ocrx_word' id='word_1_10' title='bbox 619 491 757 564; x_wconf 89' lang='lat' dir='ltr'><strong>teneris</strong></span> <span class='ocrx_word' id='word_1_11' title='bbox 776 493 881 568; x_wconf 87' lang='lat' dir='ltr'><strong>locus</strong></span> <span class='ocrx_word' id='word_1_12' title='bbox 899 495 971 571; x_wconf 85' lang='lat' dir='ltr'><strong>iste</strong></span> <span class='ocrx_word' id='word_1_13' title='bbox 987 500 1135 597; x_wconf 89' lang='lat' dir='ltr'><strong>puellis.</strong></span> 
     </span>
     <span class='ocr_line' id='line_1_3' title="bbox 166 600 982 709; baseline 0.015 -34"><span class='ocrx_word' id='word_1_14' title='bbox 166 600 251 677; x_wconf 90' lang='lat' dir='ltr'><strong>Hac</strong></span> <span class='ocrx_word' id='word_1_15' title='bbox 270 601 380 677; x_wconf 87' lang='lat' dir='ltr'>Helle</span> <span class='ocrx_word' id='word_1_16' title='bbox 397 606 527 703; x_wconf 83' lang='lat' dir='ltr'><strong>periit3</strong></span> <span class='ocrx_word' id='word_1_17' title='bbox 557 606 627 679; x_wconf 85' lang='lat' dir='ltr'><strong>hac</strong></span> <span class='ocrx_word' id='word_1_18' title='bbox 645 632 716 704; x_wconf 86' lang='lat' dir='ltr'><strong>ego</strong></span> <span class='ocrx_word' id='word_1_19' title='bbox 734 609 851 682; x_wconf 86' lang='lat' dir='ltr'><strong>laedor</strong></span> <span class='ocrx_word' id='word_1_20' title='bbox 868 615 982 709; x_wconf 73' lang='lat' dir='ltr'><strong>aqud.</strong></span> 
     </span>
    </p>

    <p class='ocr_par' dir='ltr' id='par_1_3' title="bbox 117 715 1161 937">
     <span class='ocr_line' id='line_1_4' title="bbox 117 715 1072 823; baseline 0.014 -33"><span class='ocrx_word' id='word_1_21' title='bbox 117 715 166 791; x_wconf 89' lang='lat' dir='ltr'><strong>At</strong></span> <span class='ocrx_word' id='word_1_22' title='bbox 181 718 251 792; x_wconf 89' lang='lat' dir='ltr'><strong>tibi</strong></span> <span class='ocrx_word' id='word_1_23' title='bbox 268 719 502 793; x_wconf 88' lang='lat' dir='ltr'><strong>flammarum</strong></span> <span class='ocrx_word' id='word_1_24' title='bbox 519 723 688 808; x_wconf 89' lang='lat' dir='ltr'><strong>memori,</strong></span> <span class='ocrx_word' id='word_1_25' title='bbox 710 723 901 823; x_wconf 82' lang='lat' dir='ltr'><strong>Neptune,</strong></span> <span class='ocrx_word' id='word_1_26' title='bbox 925 738 1072 803; x_wconf 86' lang='lat' dir='ltr'><strong>tuarum</strong></span> 
     </span>
     <span class='ocr_line' id='line_1_5' title="bbox 163 834 1161 937; baseline 0.015 -29"><span class='ocrx_word' id='word_1_27' title='bbox 163 834 302 909; x_wconf 90' lang='lat' dir='ltr'><strong>Nullus</strong></span> <span class='ocrx_word' id='word_1_28' title='bbox 320 848 400 910; x_wconf 87' lang='lat' dir='ltr'><strong>erat</strong></span> <span class='ocrx_word' id='word_1_29' title='bbox 416 838 537 910; x_wconf 85' lang='lat' dir='ltr'><strong>ventis</strong></span> <span class='ocrx_word' id='word_1_30' title='bbox 555 838 817 937; x_wconf 87' lang='lat' dir='ltr'><strong>impediendus</strong></span> <span class='ocrx_word' id='word_1_31' title='bbox 835 866 959 919; x_wconf 88' lang='lat' dir='ltr'><strong>amor:</strong></span> <span class='ocrx_word' id='word_1_32' title='bbox 1091 854 1161 923; x_wconf 92' lang='grc'><strong>130</strong></span> 
     </span>
    </p>

    <p class='ocr_par' dir='ltr' id='par_1_4' title="bbox 117 950 1044 1167">
     <span class='ocr_line' id='line_1_6' title="bbox 117 950 1044 1053; baseline 0.01 -28"><span class='ocrx_word' id='word_1_33' title='bbox 117 950 157 1025; x_wconf 88' lang='lat' dir='ltr'><strong>Si</strong></span> <span class='ocrx_word' id='word_1_34' title='bbox 173 976 300 1051; x_wconf 92' lang='lat' dir='ltr'><strong>neque</strong></span> <span class='ocrx_word' id='word_1_35' title='bbox 317 953 544 1053; x_wconf 86' lang='lat' dir='ltr'>Amymone,</span> <span class='ocrx_word' id='word_1_36' title='bbox 564 979 633 1029; x_wconf 91' lang='lat' dir='ltr'><strong>nec</strong></span> <span class='ocrx_word' id='word_1_37' title='bbox 652 956 910 1033; x_wconf 87' lang='lat' dir='ltr'><strong>laudatissima</strong></span> <span class='ocrx_word' id='word_1_38' title='bbox 927 959 1044 1035; x_wconf 73' lang='lat' dir='ltr'><strong>torma</strong></span> 
     </span>
     <span class='ocr_line' id='line_1_7' title="bbox 163 1066 889 1167; baseline 0.011 -27"><span class='ocrx_word' id='word_1_39' title='bbox 163 1066 342 1142; x_wconf 85' lang='lat' dir='ltr'><strong>Criminis</strong></span> <span class='ocrx_word' id='word_1_40' title='bbox 361 1082 419 1144; x_wconf 89' lang='lat' dir='ltr'><strong>est</strong></span> <span class='ocrx_word' id='word_1_41' title='bbox 438 1068 539 1167; x_wconf 90' lang='lat' dir='ltr'><strong>Tyro</strong></span> <span class='ocrx_word' id='word_1_42' title='bbox 557 1070 685 1145; x_wconf 83' lang='lat' dir='ltr'><strong>tabula</strong></span> <span class='ocrx_word' id='word_1_43' title='bbox 700 1097 796 1146; x_wconf 84' lang='lat' dir='ltr'><strong>vana</strong></span> <span class='ocrx_word' id='word_1_44' title='bbox 812 1075 889 1163; x_wconf 91' lang='lat' dir='ltr'><strong>tui;</strong></span> 
     </span>
    </p>

    <p class='ocr_par' dir='ltr' id='par_1_5' title="bbox 114 1180 1123 1398">
     <span class='ocr_line' id='line_1_8' title="bbox 114 1180 1123 1287; baseline 0.013 -32"><span class='ocrx_word' id='word_1_45' title='bbox 114 1180 333 1283; x_wconf 86' lang='lat' dir='ltr'><strong>Lucidaque</strong></span> <span class='ocrx_word' id='word_1_46' title='bbox 350 1185 533 1282; x_wconf 86' lang='lat' dir='ltr'><strong>Alcyone,</strong></span> <span class='ocrx_word' id='word_1_47' title='bbox 554 1184 742 1283; x_wconf 88' lang='lat' dir='ltr'><strong>Circeque</strong></span> <span class='ocrx_word' id='word_1_48' title='bbox 760 1200 800 1261; x_wconf 93' lang='lat' dir='ltr'><strong>et</strong></span> <span class='ocrx_word' id='word_1_49' title='bbox 818 1189 1005 1287; x_wconf 92' lang='lat' dir='ltr'><strong>Alymone</strong></span> <span class='ocrx_word' id='word_1_50' title='bbox 1023 1204 1123 1281; x_wconf 85' lang='lat' dir='ltr'><strong>nata,</strong></span> 
     </span>
     <span class='ocr_line' id='line_1_9' title="bbox 160 1298 1000 1398; baseline 0.01 -24"><span class='ocrx_word' id='word_1_51' title='bbox 160 1298 213 1375; x_wconf 88' lang='lat' dir='ltr'><strong>Et</strong></span> <span class='ocrx_word' id='word_1_52' title='bbox 229 1302 395 1375; x_wconf 89' lang='lat' dir='ltr'><strong>nondum</strong></span> <span class='ocrx_word' id='word_1_53' title='bbox 413 1302 521 1382; x_wconf 85' lang='lat' dir='ltr'><strong>nexis</strong></span> <span class='ocrx_word' id='word_1_54' title='bbox 539 1325 660 1398; x_wconf 85' lang='lat' dir='ltr'><strong>angue</strong></span> <span class='ocrx_word' id='word_1_55' title='bbox 679 1302 843 1379; x_wconf 84' lang='lat' dir='ltr'><strong>Medusa</strong></span> <span class='ocrx_word' id='word_1_56' title='bbox 859 1309 1000 1397; x_wconf 82' lang='lat' dir='ltr'><strong>comis3</strong></span> 
     </span>
    </p>

    <p class='ocr_par' dir='ltr' id='par_1_6' title="bbox 113 1413 1156 1632">
     <span class='ocr_line' id='line_1_10' title="bbox 113 1413 1156 1519; baseline 0.011 -31"><span class='ocrx_word' id='word_1_57' title='bbox 113 1413 302 1516; x_wconf 83' lang='lat' dir='ltr'><strong>Flavaque</strong></span> <span class='ocrx_word' id='word_1_58' title='bbox 322 1416 496 1503; x_wconf 89' lang='lat' dir='ltr'><strong>Laodice,</strong></span> <span class='ocrx_word' id='word_1_59' title='bbox 513 1416 685 1515; x_wconf 90' lang='lat' dir='ltr'><strong>coeloque</strong></span> <span class='ocrx_word' id='word_1_60' title='bbox 703 1432 856 1519; x_wconf 87' lang='lat' dir='ltr'><strong>recepta</strong></span> <span class='ocrx_word' id='word_1_61' title='bbox 875 1422 1042 1511; x_wconf 86' lang='lat' dir='ltr'><strong>Celaeno,</strong></span> <span class='ocrx_word' id='word_1_62' title='bbox 1087 1430 1156 1499; x_wconf 87' lang='lat'><strong>135</strong></span> 
     </span>
     <span class='ocr_line' id='line_1_11' title="bbox 159 1531 964 1632; baseline 0.007 -26"><span class='ocrx_word' id='word_1_63' title='bbox 159 1531 212 1606; x_wconf 90' lang='lat' dir='ltr'><strong>Et</strong></span> <span class='ocrx_word' id='word_1_64' title='bbox 228 1558 389 1632; x_wconf 88' lang='lat' dir='ltr'><strong>quarum</strong></span> <span class='ocrx_word' id='word_1_65' title='bbox 407 1532 559 1608; x_wconf 92' lang='lat' dir='ltr'><strong>memini</strong></span> <span class='ocrx_word' id='word_1_66' title='bbox 578 1533 729 1609; x_wconf 87' lang='lat' dir='ltr'><strong>nomina</strong></span> <span class='ocrx_word' id='word_1_67' title='bbox 745 1536 844 1611; x_wconf 87' lang='lat' dir='ltr'><strong>lecta</strong></span> <span class='ocrx_word' id='word_1_68' title='bbox 861 1539 964 1612; x_wconf 90' lang='lat' dir='ltr'><strong>mihi.</strong></span> 
     </span>
    </p>
   </div>
   <div class='ocr_carea' id='block_1_3' title="bbox 92 1865 1156 3944">
    <p class='ocr_par' dir='ltr' id='par_1_7' title="bbox 105 1865 1156 2015">
     <span class='ocr_line' id='line_1_12' title="bbox 106 1865 1156 1941; baseline 0.007 -23"><span class='ocrx_word' id='word_1_69' title='bbox 106 1865 174 1917; x_wconf 81' lang='lat' dir='ltr'><strong>desti</strong></span> <span class='ocrx_word' id='word_1_70' title='bbox 184 1885 263 1928; x_wconf 69' lang='lat' dir='ltr'><strong>sam,</strong></span> <span class='ocrx_word' id='word_1_71' title='bbox 273 1872 312 1920; x_wconf 81' lang='lat' dir='ltr'><strong>An</strong></span> <span class='ocrx_word' id='word_1_72' title='bbox 326 1870 392 1936; x_wconf 77' lang='lat' dir='ltr'><strong>legss</strong></span> <span class='ocrx_word' id='word_1_73' title='bbox 408 1888 463 1921; x_wconf 89' lang='lat' dir='ltr'><strong>cum</strong></span> <span class='ocrx_word' id='word_1_74' title='bbox 474 1873 604 1923; x_wconf 77' lang='lat' dir='ltr'><strong>Puteaneo.</strong></span> <span class='ocrx_word' id='word_1_75' title='bbox 657 1887 687 1921; x_wconf 89' lang='lat' dir='ltr'><strong>no</strong></span> <span class='ocrx_word' id='word_1_76' title='bbox 697 1873 828 1932; x_wconf 81' lang='lat' dir='ltr'><strong>miscuisse,</strong></span> <span class='ocrx_word' id='word_1_77' title='bbox 838 1882 898 1924; x_wconf 81' lang='lat' dir='ltr'><strong>etex</strong></span> <span class='ocrx_word' id='word_1_78' title='bbox 907 1873 1032 1939; x_wconf 86' lang='lat' dir='ltr'><strong>eoprolem</strong></span> <span class='ocrx_word' id='word_1_79' title='bbox 1042 1874 1156 1941; x_wconf 79' lang='lat' dir='ltr'><strong>inclytam</strong></span> 
     </span>
     <span class='ocr_line' id='line_1_13' title="bbox 105 1939 1146 2015; baseline 0.009 -25"><span class='ocrx_word' id='word_1_80' title='bbox 105 1939 293 2010; x_wconf 72' lang='lat' dir='ltr'><strong>idqsepmstat.</strong></span> <span class='ocrx_word' id='word_1_81' title='bbox 309 1945 399 1996; x_wconf 74' lang='lat' dir='ltr'><strong>Herus.</strong></span> <span class='ocrx_word' id='word_1_82' title='bbox 657 1947 731 1996; x_wconf 87' lang='lat' dir='ltr'><strong>Otum</strong></span> <span class='ocrx_word' id='word_1_83' title='bbox 742 1958 766 1996; x_wconf 87' lang='lat' dir='ltr'><strong>et</strong></span> <span class='ocrx_word' id='word_1_84' title='bbox 776 1947 911 2014; x_wconf 78' lang='lat' dir='ltr'><strong>Ephialtem</strong></span> <span class='ocrx_word' id='word_1_85' title='bbox 922 1948 1063 2015; x_wconf 85' lang='lat' dir='ltr'><strong>suscepisse.</strong></span> <span class='ocrx_word' id='word_1_86' title='bbox 1080 1949 1146 1999; x_wconf 76' lang='lat' dir='ltr'><strong>Ass.</strong></span> 
     </span>
    </p>

    <p class='ocr_par' dir='ltr' id='par_1_8' title="bbox 104 2018 1156 2237">
     <span class='ocr_line' id='line_1_14' title="bbox 140 2018 1154 2087; baseline 0.007 -21"><span class='ocrx_word' id='word_1_87' title='bbox 140 2018 196 2067; x_wconf 71' lang='lat' dir='ltr'><strong>m.</strong></span> <span class='ocrx_word' id='word_1_88' title='bbox 214 2018 269 2068; x_wconf 82' lang='lat' dir='ltr'><strong>Nos</strong></span> <span class='ocrx_word' id='word_1_89' title='bbox 276 2019 354 2085; x_wconf 73' lang='lat' dir='ltr'><strong>sciet,</strong></span> <span class='ocrx_word' id='word_1_90' title='bbox 370 2031 399 2070; x_wconf 78' lang='lat' dir='ltr'><strong>est</strong></span> <span class='ocrx_word' id='word_1_91' title='bbox 416 2038 480 2070; x_wconf 78' lang='lat' dir='ltr'><strong>auno</strong></span> <span class='ocrx_word' id='word_1_92' title='bbox 488 2032 530 2079; x_wconf 80' lang='lat' dir='ltr'><strong>est,</strong></span> <span class='ocrx_word' id='word_1_93' title='bbox 542 2022 603 2086; x_wconf 62' lang='grc' dir='ltr'><strong>δια]</strong></span> <span class='ocrx_word' id='word_1_94' title='bbox 689 2022 797 2087; x_wconf 76' lang='lat' dir='ltr'><strong>Cimpus</strong></span> <span class='ocrx_word' id='word_1_95' title='bbox 807 2032 829 2072; x_wconf 81' lang='lat' dir='ltr'><strong>et</strong></span> <span class='ocrx_word' id='word_1_96' title='bbox 839 2025 950 2087; x_wconf 71' lang='lat' dir='ltr'><strong>Atym</strong></span> <span class='ocrx_word' id='word_1_97' title='bbox 965 2022 1046 2087; x_wconf 61' lang='lat' dir='ltr'><strong>ncta]</strong></span> <span class='ocrx_word' id='word_1_98' title='bbox 1064 2025 1154 2081; x_wconf 86' lang='lat' dir='ltr'><strong>Scribo,</strong></span> 
     </span>
     <span class='ocr_line' id='line_1_15' title="bbox 105 2089 1156 2164; baseline 0.008 -23"><span class='ocrx_word' id='word_1_99' title='bbox 105 2089 219 2143; x_wconf 74' lang='lat' dir='ltr'><strong>Similiter</strong></span> <span class='ocrx_word' id='word_1_100' title='bbox 242 2093 447 2144; x_wconf 82' lang='lat' dir='ltr'><strong>&#39;l&#39;hessoloniensis</strong></span> <span class='ocrx_word' id='word_1_101' title='bbox 467 2096 603 2162; x_wconf 78' lang='lat' dir='ltr'><strong>Antipater,</strong></span> <span class='ocrx_word' id='word_1_102' title='bbox 657 2096 783 2162; x_wconf 74' lang='lat' dir='ltr'><strong>Calyceque</strong></span> <span class='ocrx_word' id='word_1_103' title='bbox 801 2098 929 2147; x_wconf 76' lang='lat' dir='ltr'><strong>Ecmleons</strong></span> <span class='ocrx_word' id='word_1_104' title='bbox 946 2108 1012 2146; x_wconf 81' lang='lat' dir='ltr'><strong>nata.</strong></span> <span class='ocrx_word' id='word_1_105' title='bbox 1045 2098 1156 2164; x_wconf 82' lang='lat' dir='ltr'><strong>Hyginus</strong></span> 
     </span>
     <span class='ocr_line' id='line_1_16' title="bbox 104 2164 1154 2237; baseline 0.006 -21"><span class='ocrx_word' id='word_1_106' title='bbox 104 2164 176 2232; x_wconf 69' lang='lat' dir='ltr'><strong>Epig.</strong></span> <span class='ocrx_word' id='word_1_107' title='bbox 187 2168 228 2217; x_wconf 77' lang='lat'><strong>⁶2</strong></span> <span class='ocrx_word' id='word_1_108' title='bbox 238 2167 311 2217; x_wconf 79' lang='lat' dir='ltr'><strong>Anci.</strong></span> <span class='ocrx_word' id='word_1_109' title='bbox 322 2169 427 2227; x_wconf 79' lang='lat' dir='ltr'><strong>Bruncl,</strong></span> <span class='ocrx_word' id='word_1_110' title='bbox 442 2178 460 2219; x_wconf 86' lang='lat' dir='ltr'><strong>t.</strong></span> <span class='ocrx_word' id='word_1_111' title='bbox 471 2170 497 2218; x_wconf 94' lang='lat' dir='ltr'><strong>ii.</strong></span> <span class='ocrx_word' id='word_1_112' title='bbox 509 2186 535 2235; x_wconf 92' lang='lat' dir='ltr'><strong>p.</strong></span> <span class='ocrx_word' id='word_1_113' title='bbox 548 2172 603 2218; x_wconf 74' lang='lat'>102.</span> <span class='ocrx_word' id='word_1_114' title='bbox 655 2169 715 2218; x_wconf 79' lang='lat' dir='ltr'><strong>Fal).</strong></span> <span class='ocrx_word' id='word_1_115' title='bbox 724 2171 790 2220; x_wconf 84' lang='lat' dir='ltr'><strong>clvii.</strong></span> <span class='ocrx_word' id='word_1_116' title='bbox 802 2171 844 2220; x_wconf 92' lang='lat' dir='ltr'><strong>ubi</strong></span> <span class='ocrx_word' id='word_1_117' title='bbox 853 2170 960 2237; x_wconf 87' lang='lat' dir='ltr'><strong>Neptuni</strong></span> <span class='ocrx_word' id='word_1_118' title='bbox 970 2170 1031 2219; x_wconf 88' lang='lat' dir='ltr'><strong>filios</strong></span> <span class='ocrx_word' id='word_1_119' title='bbox 1039 2176 1154 2231; x_wconf 75' lang='lat' dir='ltr'><strong>recenset,</strong></span> 
     </span>
    </p>

    <p class='ocr_par' dir='ltr' id='par_1_9' title="bbox 135 2241 1154 2310">
     <span class='ocr_line' id='line_1_17' title="bbox 135 2241 1154 2310; baseline 0.002 -19"><span class='ocrx_word' id='word_1_120' title='bbox 135 2241 188 2292; x_wconf 79' lang='lat' dir='ltr'><strong>Alsl</strong></span> <span class='ocrx_word' id='word_1_121' title='bbox 205 2241 368 2310; x_wconf 67' lang='grc' dir='ltr'><strong>θηλυτέρῃσιν</strong></span> <span class='ocrx_word' id='word_1_122' title='bbox 383 2242 447 2309; x_wconf 76' lang='grc' dir='ltr'><strong>ὕδωρ</strong></span> <span class='ocrx_word' id='word_1_123' title='bbox 462 2246 539 2295; x_wconf 72' lang='grc' dir='ltr'>κακὸν</span> <span class='ocrx_word' id='word_1_124' title='bbox 549 2244 604 2294; x_wconf 72' lang='lat' dir='ltr'><strong>&#39;BA-</strong></span> <span class='ocrx_word' id='word_1_125' title='bbox 656 2243 750 2310; x_wconf 79' lang='lat' dir='ltr'><strong>Cygnus</strong></span> <span class='ocrx_word' id='word_1_126' title='bbox 766 2262 792 2295; x_wconf 77' lang='lat' dir='ltr'><strong>es</strong></span> <span class='ocrx_word' id='word_1_127' title='bbox 802 2246 888 2310; x_wconf 75' lang='lat' dir='ltr'><strong>Calyce</strong></span> <span class='ocrx_word' id='word_1_128' title='bbox 899 2246 1022 2295; x_wconf 77' lang='lat' dir='ltr'><strong>Hecatonis</strong></span> <span class='ocrx_word' id='word_1_129' title='bbox 1028 2248 1095 2309; x_wconf 81' lang='lat' dir='ltr'><strong>filia.</strong></span> <span class='ocrx_word' id='word_1_130' title='bbox 1113 2246 1154 2295; x_wconf 92' lang='lat' dir='ltr'><strong>ubi</strong></span> 
     </span>
    </p>

    <p class='ocr_par' dir='ltr' id='par_1_10' title="bbox 165 2314 1153 2377">
     <span class='ocr_line' id='line_1_18' title="bbox 165 2314 1153 2377; baseline 0.001 -11"><span class='ocrx_word' id='word_1_131' title='bbox 165 2314 317 2377; x_wconf 73' lang='grc' dir='ltr'><strong>λήσποντος.</strong></span> <span class='ocrx_word' id='word_1_132' title='bbox 483 2320 571 2368; x_wconf 72' lang='lat' dir='ltr'><strong>Arsin.</strong></span> <span class='ocrx_word' id='word_1_133' title='bbox 655 2316 796 2367; x_wconf 76' lang='lat' dir='ltr'><strong>liscctuonis</strong></span> <span class='ocrx_word' id='word_1_134' title='bbox 838 2318 931 2367; x_wconf 83' lang='lat' dir='ltr'><strong>videtur</strong></span> <span class='ocrx_word' id='word_1_135' title='bbox 967 2318 1153 2371; x_wconf 85' lang='lat' dir='ltr'><strong>rescribendum.</strong></span> 
     </span>
    </p>

    <p class='ocr_par' dir='ltr' id='par_1_11' title="bbox 94 2389 1152 3499">
     <span class='ocr_line' id='line_1_19' title="bbox 136 2389 1152 2460; baseline 0.003 -20"><span class='ocrx_word' id='word_1_136' title='bbox 136 2392 191 2441; x_wconf 75' lang='grc'><strong>131.</strong></span> <span class='ocrx_word' id='word_1_137' title='bbox 216 2389 387 2441; x_wconf 71' lang='lat' dir='ltr'><strong>laudatissimo</strong></span> <span class='ocrx_word' id='word_1_138' title='bbox 401 2393 507 2458; x_wconf 62' lang='lat' dir='ltr'><strong>formul]</strong></span> <span class='ocrx_word' id='word_1_139' title='bbox 532 2395 602 2460; x_wconf 87' lang='lat' dir='ltr'><strong>Tyro,</strong></span> <span class='ocrx_word' id='word_1_140' title='bbox 653 2390 1066 2458; x_wconf 79' lang='lat' dir='ltr'><strong>Scholiastes‘l&#39;lteocritildyll.xvi.</strong></span> <span class='ocrx_word' id='word_1_141' title='bbox 1086 2392 1152 2442; x_wconf 80' lang='lat' dir='ltr'><strong>Kris-</strong></span> 
     </span>
     <span class='ocr_line' id='line_1_20' title="bbox 101 2464 1152 2532; baseline 0 -15"><span class='ocrx_word' id='word_1_142' title='bbox 101 2466 256 2517; x_wconf 66' lang='lat' dir='ltr'><strong>aenomaus</strong></span> <span class='ocrx_word' id='word_1_143' title='bbox 268 2467 359 2526; x_wconf 77' lang='lat' dir='ltr'><strong>scribit,</strong></span> <span class='ocrx_word' id='word_1_144' title='bbox 369 2468 489 2518; x_wconf 82' lang='lat' dir='ltr'><strong>Salmonei</strong></span> <span class='ocrx_word' id='word_1_145' title='bbox 498 2469 549 2519; x_wconf 83' lang='lat' dir='ltr'><strong>filia</strong></span> <span class='ocrx_word' id='word_1_146' title='bbox 559 2470 603 2518; x_wconf 83' lang='lat' dir='ltr'><strong>luit</strong></span> <span class='ocrx_word' id='word_1_147' title='bbox 653 2483 699 2515; x_wconf 81' lang='grc' dir='ltr'><strong>νον</strong></span> <span class='ocrx_word' id='word_1_148' title='bbox 716 2465 781 2532; x_wconf 80' lang='grc' dir='ltr'><strong>λέγει</strong></span> <span class='ocrx_word' id='word_1_149' title='bbox 797 2468 843 2517; x_wconf 80' lang='grc' dir='ltr'><strong>τὸν</strong></span> <span class='ocrx_word' id='word_1_150' title='bbox 861 2464 1012 2525; x_wconf 76' lang='grc' dir='ltr'><strong><em>Ποσειδῶνος</em></strong></span> <span class='ocrx_word' id='word_1_151' title='bbox 1026 2468 1067 2515; x_wconf 84' lang='lat' dir='ltr'><strong>sal</strong></span> <span class='ocrx_word' id='word_1_152' title='bbox 1084 2467 1152 2527; x_wconf 79' lang='grc' dir='ltr'><strong>Κὴϋ-</strong></span> 
     </span>
     <span class='ocr_line' id='line_1_21' title="bbox 101 2538 1152 2608; baseline -0.001 -18"><span class='ocrx_word' id='word_1_153' title='bbox 101 2542 393 2608; x_wconf 74' lang='lat' dir='ltr'><strong>qunypeumfluvinm</strong></span> <span class='ocrx_word' id='word_1_154' title='bbox 404 2544 507 2592; x_wconf 78' lang='lat' dir='ltr'><strong>amavit:</strong></span> <span class='ocrx_word' id='word_1_155' title='bbox 526 2544 601 2594; x_wconf 80' lang='lat' dir='ltr'><strong>incu-</strong></span> <span class='ocrx_word' id='word_1_156' title='bbox 651 2556 703 2598; x_wconf 68' lang='lat' dir='ltr'><strong>soc.</strong></span> <span class='ocrx_word' id='word_1_157' title='bbox 738 2540 831 2589; x_wconf 86' lang='lat' dir='ltr'><strong>Velut</strong></span> <span class='ocrx_word' id='word_1_158' title='bbox 850 2539 903 2588; x_wconf 79' lang='lat' dir='ltr'><strong>alin</strong></span> <span class='ocrx_word' id='word_1_159' title='bbox 921 2538 1036 2588; x_wconf 79' lang='lat' dir='ltr'><strong>editiones</strong></span> <span class='ocrx_word' id='word_1_160' title='bbox 1055 2539 1152 2600; x_wconf 85' lang='lat' dir='ltr'><strong>habent,</strong></span> 
     </span>
     <span class='ocr_line' id='line_1_22' title="bbox 97 2612 1152 2683; baseline -0.001 -18"><span class='ocrx_word' id='word_1_161' title='bbox 97 2614 601 2683; x_wconf 72' lang='lat' dir='ltr'><strong>juripisNeptunusinEnypeumversus,</strong></span> <span class='ocrx_word' id='word_1_162' title='bbox 653 2612 759 2673; x_wconf 75' lang='grc' dir='ltr'><strong>Καΰκος.</strong></span> <span class='ocrx_word' id='word_1_163' title='bbox 792 2615 857 2679; x_wconf 77' lang='lat' dir='ltr'><strong>lego</strong></span> <span class='ocrx_word' id='word_1_164' title='bbox 876 2613 1004 2675; x_wconf 75' lang='grc' dir='ltr'><strong>Καλύκης.</strong></span> <span class='ocrx_word' id='word_1_165' title='bbox 1026 2612 1093 2662; x_wconf 81' lang='lat' dir='ltr'><strong>addit</strong></span> <span class='ocrx_word' id='word_1_166' title='bbox 1109 2630 1152 2664; x_wconf 79' lang='lat' dir='ltr'><strong>su·</strong></span> 
     </span>
     <span class='ocr_line' id='line_1_23' title="bbox 100 2687 1151 2757; baseline -0.002 -18"><span class='ocrx_word' id='word_1_167' title='bbox 100 2689 237 2757; x_wconf 77' lang='lat' dir='ltr'><strong>conpressit</strong></span> <span class='ocrx_word' id='word_1_168' title='bbox 244 2705 307 2746; x_wconf 76' lang='lat' dir='ltr'><strong>earn,</strong></span> <span class='ocrx_word' id='word_1_169' title='bbox 317 2690 469 2755; x_wconf 84' lang='lat' dir='ltr'><strong>Neleumque</strong></span> <span class='ocrx_word' id='word_1_170' title='bbox 480 2700 505 2739; x_wconf 87' lang='lat' dir='ltr'><strong>et</strong></span> <span class='ocrx_word' id='word_1_171' title='bbox 510 2692 601 2742; x_wconf 80' lang='lat' dir='ltr'><strong>Peliam</strong></span> <span class='ocrx_word' id='word_1_172' title='bbox 651 2697 708 2745; x_wconf 85' lang='lat' dir='ltr'><strong>tem,</strong></span> <span class='ocrx_word' id='word_1_173' title='bbox 721 2688 854 2737; x_wconf 78' lang='lat' dir='ltr'><strong>llecatoeone</strong></span> <span class='ocrx_word' id='word_1_174' title='bbox 865 2699 929 2745; x_wconf 81' lang='lat' dir='ltr'><strong>nuto,</strong></span> <span class='ocrx_word' id='word_1_175' title='bbox 942 2696 967 2735; x_wconf 87' lang='lat' dir='ltr'><strong>ut</strong></span> <span class='ocrx_word' id='word_1_176' title='bbox 978 2688 1009 2735; x_wconf 82' lang='lat' dir='ltr'><strong>ab</strong></span> <span class='ocrx_word' id='word_1_177' title='bbox 1020 2687 1095 2737; x_wconf 84' lang='lat' dir='ltr'><strong>altera</strong></span> <span class='ocrx_word' id='word_1_178' title='bbox 1104 2688 1151 2737; x_wconf 82' lang='lat' dir='ltr'><strong>Ca·</strong></span> 
     </span>
     <span class='ocr_line' id='line_1_24' title="bbox 99 2761 1151 2831; baseline -0.005 -16"><span class='ocrx_word' id='word_1_179' title='bbox 99 2762 253 2815; x_wconf 78' lang='lat' dir='ltr'><strong>exillsfilios</strong></span> <span class='ocrx_word' id='word_1_180' title='bbox 264 2779 312 2813; x_wconf 86' lang='lat' dir='ltr'><strong>uno</strong></span> <span class='ocrx_word' id='word_1_181' title='bbox 323 2776 392 2831; x_wconf 83' lang='lat' dir='ltr'><strong>partu</strong></span> <span class='ocrx_word' id='word_1_182' title='bbox 402 2765 516 2831; x_wconf 87' lang='lat' dir='ltr'><strong>suscepit.</strong></span> <span class='ocrx_word' id='word_1_183' title='bbox 534 2767 600 2816; x_wconf 69' lang='lat' dir='ltr'><strong>Aur.</strong></span> <span class='ocrx_word' id='word_1_184' title='bbox 650 2761 703 2826; x_wconf 85' lang='lat' dir='ltr'><strong>lyce</strong></span> <span class='ocrx_word' id='word_1_185' title='bbox 724 2761 880 2827; x_wconf 74' lang='lat' dir='ltr'><strong>Endymionis</strong></span> <span class='ocrx_word' id='word_1_186' title='bbox 904 2771 986 2818; x_wconf 80' lang='lat' dir='ltr'><strong>matre,</strong></span> <span class='ocrx_word' id='word_1_187' title='bbox 1006 2761 1056 2809; x_wconf 79' lang='lat' dir='ltr'><strong>filis</strong></span> <span class='ocrx_word' id='word_1_188' title='bbox 1075 2761 1151 2820; x_wconf 80' lang='lat' dir='ltr'><strong>AEnli,</strong></span> 
     </span>
     <span class='ocr_line' id='line_1_25' title="bbox 98 2835 1131 2906; baseline -0.002 -19"><span class='ocrx_word' id='word_1_189' title='bbox 98 2836 149 2903; x_wconf 64' lang='grc'><strong>8.]</strong></span> <span class='ocrx_word' id='word_1_190' title='bbox 176 2838 224 2887; x_wconf 88' lang='lat' dir='ltr'><strong>Pro</strong></span> <span class='ocrx_word' id='word_1_191' title='bbox 243 2837 372 2903; x_wconf 90' lang='lat' dir='ltr'><strong>siquidem.</strong></span> <span class='ocrx_word' id='word_1_192' title='bbox 408 2838 454 2887; x_wconf 84' lang='lat' dir='ltr'><strong>Tui</strong></span> <span class='ocrx_word' id='word_1_193' title='bbox 476 2843 599 2906; x_wconf 69' lang='lat' dir='ltr'><strong>criminis]</strong></span> <span class='ocrx_word' id='word_1_194' title='bbox 650 2836 831 2902; x_wconf 63' lang='lat' dir='ltr'><strong>distinguente</strong></span> <span class='ocrx_word' id='word_1_195' title='bbox 842 2836 884 2884; x_wconf 93' lang='lat' dir='ltr'><strong>lib.</strong></span> <span class='ocrx_word' id='word_1_196' title='bbox 896 2835 947 2885; x_wconf 85' lang='lat' dir='ltr'><strong>viii.</strong></span> <span class='ocrx_word' id='word_1_197' title='bbox 957 2837 1060 2885; x_wconf 75' lang='lat' dir='ltr'><strong>Metam.</strong></span> <span class='ocrx_word' id='word_1_198' title='bbox 1072 2837 1131 2885; x_wconf 86' lang='grc'><strong>307.</strong></span> 
     </span>
     <span class='ocr_line' id='line_1_26' title="bbox 96 2910 1123 2980; baseline -0.002 -19"><span class='ocrx_word' id='word_1_199' title='bbox 96 2910 274 2965; x_wconf 68' lang='lat' dir='ltr'><strong>rutenenses</strong></span> <span class='ocrx_word' id='word_1_200' title='bbox 287 2913 436 2963; x_wconf 86' lang='lat' dir='ltr'><strong>concubitus.</strong></span> <span class='ocrx_word' id='word_1_201' title='bbox 469 2914 600 2980; x_wconf 79' lang='lat' dir='ltr'><strong>Amymone</strong></span> <span class='ocrx_word' id='word_1_202' title='bbox 681 2910 788 2957; x_wconf 74' lang='lat' dir='ltr'><strong>-n</strong></span> <span class='ocrx_word' id='word_1_203' title='bbox 799 2921 874 2958; x_wconf 82' lang='lat' dir='ltr'><strong>cretus</strong></span> <span class='ocrx_word' id='word_1_204' title='bbox 885 2911 1009 2974; x_wconf 80' lang='lat' dir='ltr'><strong>Amyntore</strong></span> <span class='ocrx_word' id='word_1_205' title='bbox 1018 2910 1123 2959; x_wconf 82' lang='lat' dir='ltr'><strong>Ploenis.</strong></span> 
     </span>
     <span class='ocr_line' id='line_1_27' title="bbox 97 2982 1150 3048; baseline 0 -14"><span class='ocrx_word' id='word_1_206' title='bbox 97 3002 146 3037; x_wconf 77' lang='lat' dir='ltr'><strong>m</strong></span> <span class='ocrx_word' id='word_1_207' title='bbox 165 2986 213 3037; x_wconf 81' lang='lat' dir='ltr'><strong>fuit</strong></span> <span class='ocrx_word' id='word_1_208' title='bbox 240 3002 271 3036; x_wconf 83' lang='lat' dir='ltr'><strong>ex</strong></span> <span class='ocrx_word' id='word_1_209' title='bbox 297 2986 392 3039; x_wconf 70' lang='lat' dir='ltr'><strong>filiabus</strong></span> <span class='ocrx_word' id='word_1_210' title='bbox 413 2989 502 3046; x_wconf 75' lang='lat' dir='ltr'><strong>Danai,</strong></span> <span class='ocrx_word' id='word_1_211' title='bbox 524 2990 601 3040; x_wconf 64' lang='lat' dir='ltr'><strong>fratri,</strong></span> <span class='ocrx_word' id='word_1_212' title='bbox 650 2984 688 3033; x_wconf 83' lang='lat' dir='ltr'><strong>Ne</strong></span> <span class='ocrx_word' id='word_1_213' title='bbox 700 2983 816 3048; x_wconf 80' lang='lat' dir='ltr'><strong>Agenoris</strong></span> <span class='ocrx_word' id='word_1_214' title='bbox 826 2983 889 3031; x_wconf 84' lang='lat' dir='ltr'><strong>filius</strong></span> <span class='ocrx_word' id='word_1_215' title='bbox 900 2982 1055 3048; x_wconf 76' lang='lat' dir='ltr'><strong>intelligatur.</strong></span> <span class='ocrx_word' id='word_1_216' title='bbox 1079 2983 1150 3035; x_wconf 88' lang='lat' dir='ltr'><strong>Certe</strong></span> 
     </span>
     <span class='ocr_line' id='line_1_28' title="bbox 96 3057 1150 3130; baseline 0.006 -28"><span class='ocrx_word' id='word_1_217' title='bbox 96 3059 211 3128; x_wconf 54' lang='lat' dir='ltr'><strong>Rapui:</strong></span> <span class='ocrx_word' id='word_1_218' title='bbox 229 3077 301 3126; x_wconf 73' lang='lat' dir='ltr'><strong>qm</strong></span> <span class='ocrx_word' id='word_1_219' title='bbox 312 3077 368 3110; x_wconf 73' lang='lat' dir='ltr'><strong>cum</strong></span> <span class='ocrx_word' id='word_1_220' title='bbox 384 3072 453 3128; x_wconf 63' lang='lat' dir='ltr'><strong>pater</strong></span> <span class='ocrx_word' id='word_1_221' title='bbox 463 3064 515 3128; x_wconf 63' lang='lat' dir='ltr'><strong>ejus</strong></span> <span class='ocrx_word' id='word_1_222' title='bbox 526 3081 599 3130; x_wconf 58' lang='lat' dir='ltr'><strong>aqua.</strong></span> <span class='ocrx_word' id='word_1_223' title='bbox 650 3059 726 3123; x_wconf 88' lang='lat' dir='ltr'><strong>Cycni</strong></span> <span class='ocrx_word' id='word_1_224' title='bbox 734 3065 842 3113; x_wconf 86' lang='lat' dir='ltr'><strong>matrem,</strong></span> <span class='ocrx_word' id='word_1_225' title='bbox 852 3073 993 3122; x_wconf 87' lang='lat' dir='ltr'><strong>quocunque</strong></span> <span class='ocrx_word' id='word_1_226' title='bbox 1000 3057 1096 3106; x_wconf 82' lang='lat' dir='ltr'><strong>tandem</strong></span> <span class='ocrx_word' id='word_1_227' title='bbox 1107 3075 1150 3125; x_wconf 80' lang='lat' dir='ltr'><strong>ap-</strong></span> 
     </span>
     <span class='ocr_line' id='line_1_29' title="bbox 96 3131 1149 3202; baseline -0.002 -17"><span class='ocrx_word' id='word_1_228' title='bbox 96 3141 147 3185; x_wconf 77' lang='lat' dir='ltr'><strong>tum</strong></span> <span class='ocrx_word' id='word_1_229' title='bbox 162 3134 275 3191; x_wconf 80' lang='lat' dir='ltr'><strong>misisset,</strong></span> <span class='ocrx_word' id='word_1_230' title='bbox 291 3145 315 3184; x_wconf 89' lang='lat' dir='ltr'><strong>et</strong></span> <span class='ocrx_word' id='word_1_231' title='bbox 331 3136 430 3202; x_wconf 77' lang='lat' dir='ltr'><strong>Satyrus</strong></span> <span class='ocrx_word' id='word_1_232' title='bbox 443 3137 518 3186; x_wconf 82' lang='lat' dir='ltr'><strong>visam</strong></span> <span class='ocrx_word' id='word_1_233' title='bbox 537 3139 598 3187; x_wconf 85' lang='lat' dir='ltr'><strong>inso-</strong></span> <span class='ocrx_word' id='word_1_234' title='bbox 648 3132 762 3198; x_wconf 78' lang='lat' dir='ltr'><strong>pellatam</strong></span> <span class='ocrx_word' id='word_1_235' title='bbox 774 3133 877 3188; x_wconf 86' lang='lat' dir='ltr'><strong>nomine,</strong></span> <span class='ocrx_word' id='word_1_236' title='bbox 888 3132 926 3180; x_wconf 89' lang='lat' dir='ltr'><strong>hic</strong></span> <span class='ocrx_word' id='word_1_237' title='bbox 937 3131 1039 3196; x_wconf 86' lang='lat' dir='ltr'><strong>intelligi</strong></span> <span class='ocrx_word' id='word_1_238' title='bbox 1051 3134 1149 3183; x_wconf 81' lang='lat' dir='ltr'><strong>abOvi-</strong></span> 
     </span>
     <span class='ocr_line' id='line_1_30' title="bbox 96 3206 1150 3276; baseline 0.007 -26"><span class='ocrx_word' id='word_1_239' title='bbox 96 3208 427 3274; x_wconf 60' lang='lat' dir='ltr'><strong>qmtuf‚etilluu1ilium</strong></span> <span class='ocrx_word' id='word_1_240' title='bbox 439 3210 598 3276; x_wconf 67' lang='lat' dir='ltr'><strong>Neptunjim.</strong></span> <span class='ocrx_word' id='word_1_241' title='bbox 648 3206 688 3255; x_wconf 92' lang='lat' dir='ltr'><strong>dio</strong></span> <span class='ocrx_word' id='word_1_242' title='bbox 700 3223 748 3256; x_wconf 90' lang='lat' dir='ltr'><strong>non</strong></span> <span class='ocrx_word' id='word_1_243' title='bbox 763 3216 800 3255; x_wconf 86' lang='lat' dir='ltr'><strong>est</strong></span> <span class='ocrx_word' id='word_1_244' title='bbox 810 3207 919 3255; x_wconf 87' lang='lat' dir='ltr'><strong>dubium.</strong></span> <span class='ocrx_word' id='word_1_245' title='bbox 952 3206 977 3254; x_wconf 90' lang='lat' dir='ltr'><strong>Si</strong></span> <span class='ocrx_word' id='word_1_246' title='bbox 988 3207 1042 3271; x_wconf 90' lang='lat' dir='ltr'><strong>quis</strong></span> <span class='ocrx_word' id='word_1_247' title='bbox 1052 3208 1150 3257; x_wconf 86' lang='lat' dir='ltr'><strong>meliora</strong></span> 
     </span>
     <span class='ocr_line' id='line_1_31' title="bbox 94 3280 1148 3350; baseline 0 -18"><span class='ocrx_word' id='word_1_248' title='bbox 94 3280 204 3349; x_wconf 68' lang='lat' dir='ltr'><strong>plueret,</strong></span> <span class='ocrx_word' id='word_1_249' title='bbox 212 3284 350 3350; x_wconf 87' lang='lat' dir='ltr'><strong>Neptunus,</strong></span> <span class='ocrx_word' id='word_1_250' title='bbox 356 3285 438 3349; x_wconf 79' lang='lat' dir='ltr'><strong>fugato</strong></span> <span class='ocrx_word' id='word_1_251' title='bbox 445 3284 536 3349; x_wconf 79' lang='lat' dir='ltr'><strong>Satyro,</strong></span> <span class='ocrx_word' id='word_1_252' title='bbox 545 3302 598 3334; x_wconf 85' lang='lat' dir='ltr'><strong>eam</strong></span> <span class='ocrx_word' id='word_1_253' title='bbox 647 3281 779 3346; x_wconf 81' lang='lat' dir='ltr'><strong>protulerit,</strong></span> <span class='ocrx_word' id='word_1_254' title='bbox 791 3281 812 3330; x_wconf 87' lang='lat' dir='ltr'><strong>is</strong></span> <span class='ocrx_word' id='word_1_255' title='bbox 828 3283 913 3330; x_wconf 82' lang='lat' dir='ltr'><strong>Musas</strong></span> <span class='ocrx_word' id='word_1_256' title='bbox 929 3280 1043 3345; x_wconf 83' lang='lat' dir='ltr'><strong>singulari</strong></span> <span class='ocrx_word' id='word_1_257' title='bbox 1059 3283 1148 3332; x_wconf 81' lang='lat' dir='ltr'><strong>bonefi-</strong></span> 
     </span>
     <span class='ocr_line' id='line_1_32' title="bbox 95 3355 1150 3427; baseline -0.001 -18"><span class='ocrx_word' id='word_1_258' title='bbox 95 3359 245 3425; x_wconf 69' lang='lat' dir='ltr'><strong>moptensis:</strong></span> <span class='ocrx_word' id='word_1_259' title='bbox 262 3374 292 3408; x_wconf 86' lang='lat' dir='ltr'><strong>ex</strong></span> <span class='ocrx_word' id='word_1_260' title='bbox 303 3374 354 3424; x_wconf 78' lang='lat' dir='ltr'><strong>qus</strong></span> <span class='ocrx_word' id='word_1_261' title='bbox 362 3359 447 3425; x_wconf 79' lang='lat' dir='ltr'><strong>genuit</strong></span> <span class='ocrx_word' id='word_1_262' title='bbox 458 3360 597 3427; x_wconf 74' lang='lat' dir='ltr'><strong>Nauplium,</strong></span> <span class='ocrx_word' id='word_1_263' title='bbox 647 3355 684 3404; x_wconf 90' lang='lat' dir='ltr'><strong>cio</strong></span> <span class='ocrx_word' id='word_1_264' title='bbox 694 3356 862 3406; x_wconf 85' lang='lat' dir='ltr'><strong>demerebitur.</strong></span> <span class='ocrx_word' id='word_1_265' title='bbox 880 3356 1010 3405; x_wconf 77' lang='lat' dir='ltr'><strong>Hrmsros.</strong></span> <span class='ocrx_word' id='word_1_266' title='bbox 1044 3358 1150 3408; x_wconf 79' lang='lat' dir='ltr'><strong>Amitone</strong></span> 
     </span>
     <span class='ocr_line' id='line_1_33' title="bbox 94 3432 783 3499; baseline -0.003 -17"><span class='ocrx_word' id='word_1_267' title='bbox 94 3432 342 3499; x_wconf 62' lang='lat' dir='ltr'><strong>ph&#39;emPslsmedis.</strong></span> <span class='ocrx_word' id='word_1_268' title='bbox 647 3432 783 3483; x_wconf 85' lang='lat' dir='ltr'><strong>chensis.</strong></span> 
     </span>
    </p>

    <p class='ocr_par' dir='ltr' id='par_1_12' title="bbox 92 3506 1147 3944">
     <span class='ocr_line' id='line_1_34' title="bbox 127 3506 1146 3571; baseline 0.002 -17"><span class='ocrx_word' id='word_1_269' title='bbox 127 3506 184 3557; x_wconf 81' lang='grc'><strong>133.</strong></span> <span class='ocrx_word' id='word_1_270' title='bbox 206 3506 331 3570; x_wconf 61' lang='lat' dir='ltr'><strong>Alcyone]</strong></span> <span class='ocrx_word' id='word_1_271' title='bbox 356 3506 416 3556; x_wconf 75' lang='lat' dir='ltr'><strong>Haec</strong></span> <span class='ocrx_word' id='word_1_272' title='bbox 437 3506 482 3556; x_wconf 84' lang='lat' dir='ltr'><strong>tuit</strong></span> <span class='ocrx_word' id='word_1_273' title='bbox 501 3525 550 3558; x_wconf 82' lang='lat' dir='ltr'><strong>una</strong></span> <span class='ocrx_word' id='word_1_274' title='bbox 566 3525 595 3557; x_wconf 89' lang='lat' dir='ltr'><strong>ex</strong></span> <span class='ocrx_word' id='word_1_275' title='bbox 681 3509 736 3557; x_wconf 80' lang='grc'><strong>135.</strong></span> <span class='ocrx_word' id='word_1_276' title='bbox 760 3507 879 3571; x_wconf 66' lang='lat' dir='ltr'><strong>Laodice]</strong></span> <span class='ocrx_word' id='word_1_277' title='bbox 903 3508 965 3556; x_wconf 80' lang='lat' dir='ltr'><strong>Dure</strong></span> <span class='ocrx_word' id='word_1_278' title='bbox 986 3508 1081 3557; x_wconf 82' lang='lat' dir='ltr'><strong>luerunt</strong></span> <span class='ocrx_word' id='word_1_279' title='bbox 1101 3507 1146 3556; x_wconf 90' lang='lat' dir='ltr'><strong>hoc</strong></span> 
     </span>
     <span class='ocr_line' id='line_1_35' title="bbox 93 3576 1147 3649; baseline 0 -20"><span class='ocrx_word' id='word_1_280' title='bbox 93 3576 239 3637; x_wconf 79' lang='lat' dir='ltr'><strong>Pleisdibus,</strong></span> <span class='ocrx_word' id='word_1_281' title='bbox 266 3580 317 3630; x_wconf 80' lang='lat' dir='ltr'><strong>lilia</strong></span> <span class='ocrx_word' id='word_1_282' title='bbox 343 3580 463 3630; x_wconf 85' lang='lat' dir='ltr'><strong>Atlantis:</strong></span> <span class='ocrx_word' id='word_1_283' title='bbox 491 3600 521 3633; x_wconf 84' lang='lat' dir='ltr'><strong>cx</strong></span> <span class='ocrx_word' id='word_1_284' title='bbox 549 3600 596 3649; x_wconf 87' lang='lat' dir='ltr'><strong>qua</strong></span> <span class='ocrx_word' id='word_1_285' title='bbox 647 3579 833 3630; x_wconf 75' lang='lat' dir='ltr'><strong>nominedictae:</strong></span> <span class='ocrx_word' id='word_1_286' title='bbox 847 3580 1147 3644; x_wconf 76' lang='lat' dir='ltr'><strong>una,llliallgamemnonis</strong></span> 
     </span>
     <span class='ocr_line' id='line_1_36' title="bbox 93 3650 1143 3722; baseline -0.004 -18"><span class='ocrx_word' id='word_1_287' title='bbox 93 3650 220 3720; x_wconf 74' lang='lat' dir='ltr'><strong>Neptunus</strong></span> <span class='ocrx_word' id='word_1_288' title='bbox 236 3655 340 3721; x_wconf 84' lang='lat' dir='ltr'><strong>suscepit</strong></span> <span class='ocrx_word' id='word_1_289' title='bbox 357 3657 477 3721; x_wconf 80' lang='lat' dir='ltr'><strong>Lycaona,</strong></span> <span class='ocrx_word' id='word_1_290' title='bbox 488 3666 513 3705; x_wconf 87' lang='lat' dir='ltr'><strong>ct</strong></span> <span class='ocrx_word' id='word_1_291' title='bbox 523 3659 595 3722; x_wconf 86' lang='lat' dir='ltr'><strong>llyri-</strong></span> <span class='ocrx_word' id='word_1_292' title='bbox 645 3663 670 3703; x_wconf 87' lang='lat' dir='ltr'><strong>ct</strong></span> <span class='ocrx_word' id='word_1_293' title='bbox 683 3654 875 3720; x_wconf 73' lang='lat' dir='ltr'><strong>clytemnestra:</strong></span> <span class='ocrx_word' id='word_1_294' title='bbox 891 3657 974 3712; x_wconf 82' lang='lat' dir='ltr'><strong>altera,</strong></span> <span class='ocrx_word' id='word_1_295' title='bbox 983 3656 1032 3702; x_wconf 83' lang='lat' dir='ltr'><strong>filia</strong></span> <span class='ocrx_word' id='word_1_296' title='bbox 1042 3653 1143 3702; x_wconf 86' lang='lat' dir='ltr'><strong>Priami:</strong></span> 
     </span>
     <span class='ocr_line' id='line_1_37' title="bbox 93 3728 1145 3796; baseline -0.001 -19"><span class='ocrx_word' id='word_1_297' title='bbox 93 3740 154 3785; x_wconf 71' lang='lat' dir='ltr'><strong>eun,</strong></span> <span class='ocrx_word' id='word_1_298' title='bbox 164 3736 258 3793; x_wconf 72' lang='lat' dir='ltr'><strong>petrem</strong></span> <span class='ocrx_word' id='word_1_299' title='bbox 270 3729 374 3779; x_wconf 85' lang='lat' dir='ltr'><strong>Orionis.</strong></span> <span class='ocrx_word' id='word_1_300' title='bbox 394 3730 509 3795; x_wconf 64' lang='lat' dir='ltr'><strong>Lucida]</strong></span> <span class='ocrx_word' id='word_1_301' title='bbox 531 3732 595 3790; x_wconf 79' lang='lat' dir='ltr'><strong>Quia</strong></span> <span class='ocrx_word' id='word_1_302' title='bbox 645 3744 717 3793; x_wconf 81' lang='lat' dir='ltr'><strong>quam</strong></span> <span class='ocrx_word' id='word_1_303' title='bbox 733 3747 795 3778; x_wconf 88' lang='lat' dir='ltr'><strong>nunc</strong></span> <span class='ocrx_word' id='word_1_304' title='bbox 815 3741 873 3796; x_wconf 88' lang='lat' dir='ltr'><strong>puta</strong></span> <span class='ocrx_word' id='word_1_305' title='bbox 890 3732 985 3794; x_wconf 76' lang='lat' dir='ltr'><strong>po&#39;ctam</strong></span> <span class='ocrx_word' id='word_1_306' title='bbox 1003 3728 1145 3791; x_wconf 80' lang='lat' dir='ltr'><strong>intelligere,</strong></span> 
     </span>
     <span class='ocr_line' id='line_1_38' title="bbox 92 3796 1145 3870; baseline 0.002 -23"><span class='ocrx_word' id='word_1_307' title='bbox 92 3796 117 3847; x_wconf 81' lang='lat' dir='ltr'><strong>in</strong></span> <span class='ocrx_word' id='word_1_308' title='bbox 131 3800 228 3850; x_wconf 75' lang='lat' dir='ltr'><strong>stellam</strong></span> <span class='ocrx_word' id='word_1_309' title='bbox 238 3818 353 3853; x_wconf 79' lang='lat' dir='ltr'><strong>conversa</strong></span> <span class='ocrx_word' id='word_1_310' title='bbox 368 3813 414 3853; x_wconf 80' lang='lat' dir='ltr'><strong>est.</strong></span> <span class='ocrx_word' id='word_1_311' title='bbox 432 3805 498 3853; x_wconf 77' lang='lat' dir='ltr'><strong>Hoc.</strong></span> <span class='ocrx_word' id='word_1_312' title='bbox 529 3808 594 3855; x_wconf 76' lang='lat' dir='ltr'><strong>Circe</strong></span> <span class='ocrx_word' id='word_1_313' title='bbox 645 3804 708 3867; x_wconf 89' lang='lat' dir='ltr'><strong>quod</strong></span> <span class='ocrx_word' id='word_1_314' title='bbox 727 3804 953 3870; x_wconf 81' lang='lat' dir='ltr'><strong>aNeptunoamnta</strong></span> <span class='ocrx_word' id='word_1_315' title='bbox 968 3804 1008 3850; x_wconf 80' lang='lat' dir='ltr'><strong>sit.</strong></span> <span class='ocrx_word' id='word_1_316' title='bbox 1044 3803 1145 3864; x_wconf 60' lang='lat' dir='ltr'><strong>Caunum</strong></span> 
     </span>
     <span class='ocr_line' id='line_1_39' title="bbox 93 3874 1143 3944; baseline 0 -22"><span class='ocrx_word' id='word_1_317' title='bbox 93 3882 114 3920; x_wconf 77' lang='lat' dir='ltr'><strong>tt</strong></span> <span class='ocrx_word' id='word_1_318' title='bbox 124 3874 237 3939; x_wconf 76' lang='lat' dir='ltr'><strong>Alyssose</strong></span> <span class='ocrx_word' id='word_1_319' title='bbox 251 3879 333 3942; x_wconf 71' lang='lat' dir='ltr'><strong>natm]</strong></span> <span class='ocrx_word' id='word_1_320' title='bbox 352 3878 510 3944; x_wconf 82' lang='lat' dir='ltr'><strong>Iphimediam</strong></span> <span class='ocrx_word' id='word_1_321' title='bbox 521 3880 594 3944; x_wconf 86' lang='lat' dir='ltr'><strong>signi-</strong></span> <span class='ocrx_word' id='word_1_322' title='bbox 645 3889 731 3941; x_wconf 82' lang='lat' dir='ltr'><strong>recepto</strong></span> <span class='ocrx_word' id='word_1_323' title='bbox 745 3880 854 3942; x_wconf 76' lang='lat' dir='ltr'><strong>(&#39;eluno.]</strong></span> <span class='ocrx_word' id='word_1_324' title='bbox 874 3877 979 3925; x_wconf 87' lang='lat' dir='ltr'><strong>Atlantis</strong></span> <span class='ocrx_word' id='word_1_325' title='bbox 996 3876 1044 3923; x_wconf 82' lang='lat' dir='ltr'><strong>filia</strong></span> <span class='ocrx_word' id='word_1_326' title='bbox 1055 3875 1143 3939; x_wconf 88' lang='lat' dir='ltr'><strong>Alcyo-</strong></span> 
     </span>
    </p>
   </div>
   <div class='ocr_carea' id='block_1_4' title="bbox 93 3946 1142 4089">
    <p class='ocr_par' dir='ltr' id='par_1_13' title="bbox 93 3946 1142 4089">
     <span class='ocr_line' id='line_1_40' title="bbox 93 3946 1142 4027; baseline -0.004 -27"><span class='ocrx_word' id='word_1_327' title='bbox 93 3946 154 4006; x_wconf 67' lang='lat' dir='ltr'><strong>flut.</strong></span> <span class='ocrx_word' id='word_1_328' title='bbox 164 3948 287 4026; x_wconf 65' lang='lat' dir='ltr'><strong>Circeset</strong></span> <span class='ocrx_word' id='word_1_329' title='bbox 304 3952 429 4027; x_wconf 87' lang='lat' dir='ltr'><strong>Alymonis</strong></span> <span class='ocrx_word' id='word_1_330' title='bbox 445 3954 526 4011; x_wconf 84' lang='lat' dir='ltr'><strong>filiam,</strong></span> <span class='ocrx_word' id='word_1_331' title='bbox 539 3973 593 4020; x_wconf 80' lang='lat' dir='ltr'><strong>qum</strong></span> <span class='ocrx_word' id='word_1_332' title='bbox 644 3968 686 4000; x_wconf 86' lang='lat' dir='ltr'><strong>nes</strong></span> <span class='ocrx_word' id='word_1_333' title='bbox 696 3968 767 4008; x_wconf 87' lang='lat' dir='ltr'><strong>soror,</strong></span> <span class='ocrx_word' id='word_1_334' title='bbox 779 3970 826 4001; x_wconf 82' lang='lat' dir='ltr'><strong>una</strong></span> <span class='ocrx_word' id='word_1_335' title='bbox 836 3950 880 4000; x_wconf 86' lang='lat' dir='ltr'><strong>fuit</strong></span> <span class='ocrx_word' id='word_1_336' title='bbox 890 3968 919 3999; x_wconf 88' lang='lat' dir='ltr'><strong>cx</strong></span> <span class='ocrx_word' id='word_1_337' title='bbox 931 3948 1077 3997; x_wconf 84' lang='lat' dir='ltr'><strong>l‘leiadibus.</strong></span> <span class='ocrx_word' id='word_1_338' title='bbox 1095 3948 1142 3997; x_wconf 72' lang='lat' dir='ltr'><strong>tte-</strong></span> 
     </span>
     <span class='ocr_line' id='line_1_41' title="bbox 93 4009 1142 4089; baseline -0.004 -14"><span class='ocrx_word' id='word_1_339' title='bbox 93 4009 166 4065; x_wconf 61' lang='grc' dir='ltr'><strong>ᾸΙΜ</strong></span> <span class='ocrx_word' id='word_1_340' title='bbox 186 4026 276 4082; x_wconf 59' lang='grc'><strong>11111111.</strong></span> <span class='ocrx_word' id='word_1_341' title='bbox 292 4025 320 4065; x_wconf 73' lang='lat' dir='ltr'><strong>tlt</strong></span> <span class='ocrx_word' id='word_1_342' title='bbox 340 4034 365 4067; x_wconf 89' lang='lat' dir='ltr'><strong>m</strong></span> <span class='ocrx_word' id='word_1_343' title='bbox 386 4019 494 4083; x_wconf 85' lang='lat' dir='ltr'><strong>Odyssea</strong></span> <span class='ocrx_word' id='word_1_344' title='bbox 511 4021 593 4069; x_wconf 85' lang='lat' dir='ltr'><strong>scribit</strong></span> <span class='ocrx_word' id='word_1_345' title='bbox 643 4027 801 4089; x_wconf 66' lang='lat' dir='ltr'><strong>captacula]</strong></span> <span class='ocrx_word' id='word_1_346' title='bbox 821 4025 939 4079; x_wconf 80' lang='lat' dir='ltr'><strong>Diximus,</strong></span> <span class='ocrx_word' id='word_1_347' title='bbox 950 4024 994 4070; x_wconf 84' lang='lat' dir='ltr'><strong>has</strong></span> <span class='ocrx_word' id='word_1_348' title='bbox 1011 4038 1101 4070; x_wconf 86' lang='lat' dir='ltr'><strong>sorores</strong></span> <span class='ocrx_word' id='word_1_349' title='bbox 1117 4022 1142 4071; x_wconf 88' lang='lat' dir='ltr'><strong>in</strong></span> 
     </span>
    </p>
   </div>
   <div class='ocr_carea' id='block_1_5' title="bbox 93 4085 1141 4229">
    <p class='ocr_par' dir='ltr' id='par_1_14' title="bbox 93 4085 1141 4229">
     <span class='ocr_line' id='line_1_42' title="bbox 93 4085 1141 4161; baseline 0.004 -20"><span class='ocrx_word' id='word_1_350' title='bbox 93 4085 222 4141; x_wconf 75' lang='lat' dir='ltr'><strong>Homerus</strong></span> <span class='ocrx_word' id='word_1_351' title='bbox 237 4090 385 4159; x_wconf 77' lang='lat' dir='ltr'><strong>jactavitque</strong></span> <span class='ocrx_word' id='word_1_352' title='bbox 396 4110 421 4144; x_wconf 84' lang='lat' dir='ltr'><strong>so</strong></span> <span class='ocrx_word' id='word_1_353' title='bbox 432 4110 485 4143; x_wconf 90' lang='lat' dir='ltr'><strong>cum</strong></span> <span class='ocrx_word' id='word_1_354' title='bbox 499 4096 591 4160; x_wconf 83' lang='lat' dir='ltr'><strong>Neptu·</strong></span> <span class='ocrx_word' id='word_1_355' title='bbox 642 4099 731 4148; x_wconf 74' lang='lat' dir='ltr'><strong>coelum</strong></span> <span class='ocrx_word' id='word_1_356' title='bbox 743 4099 875 4154; x_wconf 69' lang='lat' dir='ltr'><strong>translatas,</strong></span> <span class='ocrx_word' id='word_1_357' title='bbox 884 4096 1068 4153; x_wconf 83' lang='lat' dir='ltr'><strong>siduscffecisse,</strong></span> <span class='ocrx_word' id='word_1_358' title='bbox 1077 4096 1141 4161; x_wconf 86' lang='lat' dir='ltr'><strong>quod</strong></span> 
     </span>
     <span class='ocr_line' id='line_1_43' title="bbox 687 4179 730 4229; baseline -0.047 0"><span class='ocrx_word' id='word_1_359' title='bbox 687 4179 704 4229; x_wconf 83' lang='lat' dir='ltr'>S</span> <span class='ocrx_word' id='word_1_360' title='bbox 714 4182 730 4227; x_wconf 80' lang='grc'><strong>4</strong></span> 
     </span>
    </p>
   </div>
   <div class='ocr_carea' id='block_1_6' title="bbox 0 0 1452 4980">
    <p class='ocr_par' dir='ltr' id='par_1_15' title="bbox 0 0 1452 4980">
     <span class='ocr_line' id='line_1_44' title="bbox 0 0 1452 4980; baseline 0 8"><span class='ocrx_word' id='word_1_361' title='bbox 0 0 1452 4980; x_wconf 95' lang='lat' dir='ltr'><strong> </strong></span> 
     </span>
    </p>
   </div>
  </div>
 </body>
</html>
