2896 4980
207 387 277 451 176
501 384 539 449 Ρ.
562 381 724 449 ovlnlt
749 382 961 450 NASONIS

212 560 369 636 Femina
384 582 479 645 sum,
498 569 538 633 et
553 558 679 654 virg03
709 569 841 632 natura
858 560 973 646 mitis,
991 572 1033 635 et
1047 563 1168 637 annis.
1203 568 1247 639 55

261 678 349 752 Non
366 676 507 749 faciunt
522 675 654 748 molles
673 675 720 747 ad
738 674 817 747 sera
833 676 910 749 tela
928 701 1074 752 manns.

211 793 311 878 Quin
329 818 411 889 age,
430 794 597 889 dumque
611 793 727 889 jacet,
746 791 860 865 fortes
880 793 1027 867 imitare
1044 818 1201 869 sorores.

260 910 451 984 Credibile
469 920 528 981 est
544 931 663 980 caesos
681 907 854 980 omnibus
874 932 957 981 esse
975 909 1087 984 viros.

210 1026 251 1099 Si
269 1050 402 1101 manus
420 1026 500 1098 haec
519 1024 684 1121 aliquam
703 1036 832 1122 posset
846 1026 1079 1101 committere
1097 1027 1244 1113 coedem,

258 1143 382 1217 Morte
400 1141 495 1214 soret
511 1140 671 1213 dominae
690 1141 977 1237 sanguinolenta
994 1168 1084 1217 suae.
1201 1148 1244 1217 60

207 1259 292 1343 Quo
310 1281 480 1333 meruere
497 1281 643 1342 necem,
662 1258 845 1355 patruelia
861 1283 977 1355 regna
993 1262 1168 1348 tenendo,

257 1376 351 1460 Quae
368 1388 495 1448 tamen
514 1372 677 1446 extemis
695 1373 821 1446 danda
836 1374 958 1448 forent
975 1376 1149 1473 generis?

208 1494 326 1588 Finge
343 1492 441 1563 viros
458 1489 640 1562 meruisse
658 1490 749 1561 mori
763 1516 770 1563 :
800 1490 893 1586 quid
910 1490 1069 1565 fecimus
1086 1492 1202 1590 ipsoel

256 1610 342 1693 Quo
360 1608 450 1679 mihi
468 1606 668 1679 commisso
685 1630 759 1679 non
779 1606 867 1679 licet
884 1632 969 1681 esse
987 1608 1085 1707 piaet

207 1726 308 1810 Quid
326 1724 416 1797 mihi
434 1748 520 1796 curn
538 1723 658 1797 ferrol
685 1748 761 1822 quo
780 1723 916 1797 bellica
932 1725 1009 1798 tela
1026 1725 1242 1823 puelloetot

255 1840 389 1938 Aptior
406 1852 464 1913 est
478 1840 607 1936 digitis
625 1841 710 1914 lana
727 1842 909 1937 colusque
927 1842 1033 1915 meio.
1055 1844 1242 1940 [quuntur‚

207 1956 301 2030 Haec
320 1980 411 2053 ego:
440 1956 606 2051 dumque
624 1981 771 2054 queror,
792 1958 952 2029 lacrimae
971 1981 1042 2030 sua
1058 1958 1174 2032 verba
1190 1982 1242 2031 se·

256 2073 392 2169 Deque
410 2072 504 2144 meis
522 2071 640 2144 oculis
659 2073 695 2145 in
714 2084 779 2145 tua
796 2075 966 2146 membra
982 2073 1136 2147 cadunt.

236 2300 277 2347 55.
296 2298 360 2351 Sirra,
378 2306 399 2345 et
416 2296 502 2361 virga]
520 2296 633 2360 Quinque
649 2296 703 2343 libri
789 2299 883 2346 Falerni
894 2300 1087 2364 iuainutgeaen'.

203 2375 232 2423 rb
241 2383 263 2421 et
274 2388 321 2420 non
331 2381 470 2435 agnoscunt.
493 2380 599 2418 venuste.
623 2371 702 2418 Hars-
754 2372 867 2420 Francius
877 2373 979 2429 volebat,
990 2374 1089 2422 enm
1102 2372 1248 2439 deadesxm

202 2466 263 2497 sius.
296 2446 343 2495 Sed
364 2462 408 2511 cgo
426 2444 575 2494 retinendam
593 2445 701 2510 copulam
752 2449 815 2494 ciris.
832 2446 879 2503 vel,
899 2446 1005 2495 Eaternis
1018 2448 1111 2513 generis
1126 2464 1175 2510 quc
1189 2446 1247 2495 ab

202 2532 266 2588 puto,
279 2530 305 2569 ut
320 2518 396 2585 Epist.
408 2518 448 2566 vii.
463 2520 516 2566 121.
551 2518 622 2566 Bellis
637 2536 700 2580 pere·

200 2600 269 2661 grino
281 2594 398 2660 etserninu
409 2603 491 2642 tentor.
518 2592 618 2650 Quinct.
629 2594 701 2643 Decl.

201 2668 343 2718 cccxxxviii,
363 2668 458 2715 Femina
465 2686 494 2723 es,
501 2678 523 2715 et
531 2684 598 2715 uniit.
614 2668 701 2716 Bunu.

233 2744 274 2792 60.
295 2743 418 2805 Domina]
437 2741 533 2798 illoreti,
554 2744 640 2789 dorrini
656 2745 700 2790 sui.

201 2829 225 2867 et
236 2829 314 2883 posset
330 2818 360 2865 dc
372 2818 457 2866 Danao
468 2817 530 2883 capi,
541 2816 582 2882 qui
594 2817 700 2866 tradide-

200 2902 335 2940 rotensem.
347 2908 412 2955 supr.
424 2908 484 2938 vcra.
498 2893 537 2938 ll.

233 2968 288 3029 θλ]
310 2966 366 3019 Qua*
378 2976 449 3012 tumen
469 2968 566 3013 externis
576 2966 700 3031 dnndnJir-

200 3052 252 3089 reat
268 3040 380 3103 germis]
402 3040 490 3088 Praeter
502 3056 589 3089 morem
601 3039 700 3088 Ouidia-

201 3130 256 3162 num
268 3124 312 3167 cst,
324 3112 385 3160 utin
401 3112 549 3177 trisyllabum
563 3123 632 3162 exeat
642 3130 700 3179 pen-

751 2521 924 2585 duruluforeat.
944 2522 1031 2569 Burrus.

784 2596 824 2642 64.
843 2595 893 2649 Quo
901 2598 956 2643 mili
966 2598 1077 2643 commisso
1085 2612 1131 2644 aaa
1144 2596 1196 2645 licet
1207 2608 1247 2643 a!

750 2669 835 2731 pium]
862 2668 913 2719 litae
930 2673 974 2732 pie
992 2670 1138 2719 Putemus·
1154 2669 1245 2735 optim·

752 2744 851 2791 alterurn
871 2744 949 2794 minus
969 2745 1076 2809 elegans.
1096 2752 1122 2793 et
1136 2760 1185 2809 qno
1199 2758 1247 2811 pu·

752 2834 823 2881 quam
834 2818 880 2867 rari
889 2819 983 2885 optimae
994 2817 1120 2868 latinitatis
1128 2818 1247 2886 scriptu!

752 2893 787 2938 usi
797 2891 851 2940 sint.
870 2892 950 2941 Caesar
960 2893 1004 2941 lib.
1014 2892 1048 2941 ri.
1058 2892 1122 2941 Bell.
1130 2892 1198 2943 Gall.
1207 2892 1245 2943 ³5-

753 2966 816 3017 Quid
827 2984 862 3014 nos
873 2968 931 3014 bunc
941 2969 1053 3023 miserata,
1063 2986 1092 3015 nc
1109 2978 1246 3017 team*

752 3042 833 3087 taurini
846 3044 954 3101 pradum,
968 3042 1114 3104 quibuslicet
1124 3042 1246 3107 estafort!-

752 3117 879 3162 nutisn'mis.
896 3115 960 3180 apud
970 3116 1095 3164 Maronem
1112 3124 1194 3165 tamen
1208 3114 1246 3164 lib.

200 3199 306 3236 tamctcr.
324 3188 390 3252 cujus
409 3188 519 3251 exempla
538 3188 630 3252 aliquot
646 3199 701 3238 sunt
752 3203 775 3234 x.
791 3197 927 3237 constanter
943 3188 996 3238 libri
1008 3198 1110 3245 veteres,
1129 3192 1198 3239 licent
1210 3204 1245 3239 u·

200 3262 225 3309 in
243 3262 325 3308 ultimo
344 3262 394 3325 ejus
413 3263 549 3326 po'dmatum
568 3271 638 3309 torno.
657 3263 700 3311 sed
748 3280 833 3322 peterse
844 3274 938 3323 nepotes,
951 3264 992 3328 qui
1004 3264 1135 3313 etlibm.

200 3336 275 3389 nulla,
287 3334 350 3399 quod
367 3336 485 3389 selamin
502 3335 545 3383 lioc
560 3336 643 3401 primo,
655 3336 700 3386 nisi

200 3411 253 3465 hoc,
265 3418 289 3457 et
300 3409 376 3472 Epist.
388 3409 436 3456 xix.
448 3410 505 3457 ¹204.
525 3426 577 3473 qun
586 3410 674 3459 (lvidio
685 3428 700 3459 a

782 3363 846 3373 ——
859 3337 926 3384 Hunc
936 3336 1134 3401 genetrin·suciem
1144 3339 1244 3387 nisam

815 3410 904 3475 affecit,

199 3484 281 3531 multis
308 3482 465 3545 abjudicatur.
496 3483 539 3530 scd
566 3494 699 3549 corruptum
784 3486 814 3533 Et
827 3490 889 3535 dedit
900 3503 944 3534 erse
956 3487 1024 3535 Dara.

199 3574 250 3607 esse
261 3556 463 3605 ostenduntvarirn
476 3557 599 3605 lectiones.
617 3559 641 3606 in
653 3560 700 3608 Pu·

154 3660 161 3675 ·
198 3642 283 3681 teanco
294 3648 373 3680 erasus
383 3640 454 3686 totus,
466 3631 506 3695 qui
524 3632 587 3696 prius
603 3633 698 3697 legeba.

750 3560 796 3607 Sed
808 3560 896 3609 Claud.
914 3560 956 3608 lib.
968 3560 985 3607 i.
1003 3560 1028 3608 in
1038 3560 1122 3608 Rufin.
1157 3558 1244 3609 Nasm

750 3638 819 3683 death
833 3637 939 3685 Omnibus
956 3652 999 3684 esse
1016 3637 1087 3683 dedit.
1119 3632 1191 3685 Siliu
1203 3630 1242 3682 b'n.

197 3716 244 3761 tur,
266 3720 355 3760 versus,
377 3713 402 3752 ct
428 3704 468 3753 ille
495 3704 636 3770 suppositus,
658 3708 699 3772 qui
750 3709 791 3757 rii.

197 3798 261 3830 nunc
272 3778 368 3843 legitur.
381 3778 405 3827 in
416 3779 567 3828 Gronoviano
578 3789 627 3828 est:
644 3782 699 3836 erae

196 3865 271 3903 tamen
282 3858 380 3902 erinnis
391 3870 462 3917 regim
473 3854 661 3918 terrendufnrent.
674 3857 698 3905 in

197 3928 283 3978 Moreti
305 3938 329 3977 et
350 3929 442 3977 duobus
461 3928 529 3977 aliis:
549 3929 604 3983 Qua
624 3940 696 3980 tumen

194 4006 292 4052 externis
308 4007 440 4065 accipiendo
454 4004 547 4068 jbrrnt.
571 4004 635 4067 quod
651 4022 697 4054 non

194 4077 313 4142 displicet,
323 4086 436 4125 atrocem
447 4080 536 4143 generis
546 4093 560 4125 a
570 4077 696 4141 glossatore

195 4151 338 4216 adscriptum
355 4168 406 4199 esee
422 4162 488 4217 puto.
506 4152 548 4217 qui
565 4152 625 4200 illud
641 4154 695 4202 vir-

195 4224 246 4287 gilii
256 4225 282 4273 in
293 4226 370 4274 animo
380 4226 483 4275 habebat
493 4226 538 4276 lib.
549 4226 592 4276 vii.
601 4228 643 4276 98.

782 3784 806 3830 Si
818 3785 875 3831 lucit
883 3786 954 3849 piget,
965 3792 987 3831 et
998 3783 1108 3844 mpremt't
1114 3798 1159 3832 en
1167 3780 1241 3845 nr&

749 3867 1104 3979 madianasnxann

782 4006 885 4051 Primum
893 4020 976 4067 egomt
984 3998 1236 4065 nimirums&-

812 4084 851 4126 bus
861 4096 905 4126 esse
912 4080 991 4139 po'c'tis,

783 4154 897 4215 {Inopiam
907 4168 1008 4200 animem.
1027 4152 1117 4201 Herus.
