2896 4980
198 317 265 383 affl
497 316 535 380 Ρ.
560 314 722 381 ovmn
747 316 961 383 NASONIS

202 489 277 562 Pro
295 489 433 586 quibus
450 489 581 564 officiis
600 491 762 586 pretium
780 490 870 563 milri
888 492 1002 566 dulce
1019 494 1187 590 repende,

250 606 487 679 Concubitus
504 606 629 690 hodie,
649 606 757 680 lusca
775 605 953 704 Cypassi,
972 619 1072 682 tuos.

199 720 301 806 Quid
318 722 456 805 renuis,
476 720 662 818 fingisque
681 745 809 806 novoS,
830 722 987 817 ingrata,
1007 723 1177 797 timores?

250 835 377 909 Unum
396 848 455 910 est
471 861 493 910 e
509 837 671 910 dominis
690 839 896 911 emeruisse
913 839 1020 912 satis.

198 951 310 1037 Quod
329 953 359 1025 si
374 953 490 1025 stulta
507 977 635 1048 negas,
656 954 770 1027 index
789 965 965 1028 anteacta
980 953 1148 1042 fatebor3
1187 958 1228 1029 25

248 1066 300 1139 Et
316 1067 462 1140 veniam
480 1068 603 1165 culpae
622 1069 788 1165 proditor
805 1071 887 1168 ipse
904 1094 1013 1143 meoe.

198 1182 360 1278 Quoque
379 1182 461 1255 loco
479 1194 605 1255 tecum
624 1183 769 1269 fuerim,
789 1185 1032 1282 quotiesque,
1053 1184 1215 1284 Cypassi,

248 1297 418 1371 Narrabo
437 1297 610 1383 dominae,
630 1310 801 1395 quotque
819 1300 1035 1398 quibusque
1053 1300 1179 1374 modis.

450 1519 623 1530 ——-—-

554 1632 783 1706 ELEGIA
818 1633 890 1709 IX.

198 1788 233 1859 Ο
253 1810 458 1885 numquam
476 1807 543 1882 pro
563 1808 623 1857 me
642 1784 733 1856 satis
751 1783 944 1879 indignate
963 1787 1127 1885 Cupido,

248 1903 282 1974 0
303 1905 340 1975 in
358 1902 470 1975 corde
489 1924 573 1971 meo
591 1899 780 1972 desidiose
798 1901 909 1996 puer!

197 2020 299 2104 Quid
318 2043 390 2103 me,
410 2018 474 2114 qui
494 2016 601 2089 miles
620 2038 813 2112 nunquam
831 2025 897 2089 tua
913 2017 1022 2113 signa
1039 2018 1180 2116 reliqui,

247 2134 398 2207 Laedis?
424 2133 517 2206 etin
535 2133 669 2204 castris
686 2131 859 2204 vulneror
877 2133 958 2231 ipse
976 2134 1098 2208 meisi

197 2251 278 2324 Cur
294 2261 360 2323 tua
377 2248 440 2322 sax
459 2248 544 2332 urit,
563 2246 645 2344 figit
661 2257 750 2320 tuus
768 2271 877 2321 arcus
894 2251 1064 2324 amicos?
1208 2253 1227 2322 5

247 2366 376 2439 Gloria
393 2375 606 2463 pugnantes
624 2364 772 2437 vincere
791 2368 911 2461 major
927 2377 1021 2440 erat.

196 2481 319 2567 Quid?
339 2506 413 2555 non
432 2478 664 2563 Haemonius,
685 2504 799 2576 quem
817 2482 974 2581 cuspide
992 2482 1163 2581 perculit,
1177 2482 1232 2555 lre·

247 2597 473 2671 Confossum
493 2596 640 2667 medica
660 2596 859 2692 postmodo
872 2597 970 2692 juvit
986 2598 1088 2696 ope?
1167 2599 1234 2694 [ros

194 2840 263 2897 rexit,
278 2840 329 2905 jam
343 2840 427 2887 Dnuza
444 2837 599 2886 adnotaverat
615 2837 694 2902 legen·
746 2836 770 2885 id
782 2849 826 2893 est,
837 2848 977 2886 cessamern.
1003 2836 1093 2886 Restat
1102 2852 1165 2886 nuuc
1175 2852 1238 2886 ereo·

194 2912 261 2968 dum,
272 2924 297 2962 et
314 2912 449 2978 explicabat
465 2927 507 2976 per
520 2912 649 2964 meministi,
659 2924 695 2956 re·
746 2909 860 2965 tiendum,
871 2926 901 2958 en
918 2909 1006 2959 locutio
1023 2910 1076 2959 bac
1090 2926 1133 2973 pru
1148 2908 1239 2977 usqu

194 2988 256 3034 colis.
746 2982 849 3032 diximus
865 3000 943 3039 sensu,
955 2983 1031 3031 latina
1048 2991 1117 3032 sonet
1132 2982 1238 3048 legitime.

227 3062 270 3108 24.
291 3060 368 3107 Umnn
387 3069 418 3106 ert
437 3074 448 3105 e
467 3060 561 3106 dominis
580 3060 697 3104 emeruisse
746 3055 798 3119 Ego
818 3057 852 3106 sic
874 3056 1038 3122 accipiendam
1060 3056 1160 3122 iudico:
1186 3070 1236 3107 um·

194 3134 270 3196 saris]
289 3133 370 3189 Quum
388 3131 447 3179 duos
467 3131 554 3179 lrabeat
573 3129 694 3195 Cypassis,
746 3146 819 3193 quarn
831 3135 884 3179 raris
900 3134 1029 3195 indignate,
1046 3132 1089 3179 ubi
1106 3132 1135 3180 de
1151 3148 1187 3180 u
1196 3132 1239 3197 egi·

195 3206 237 3270 qui
248 3205 293 3254 sibi
303 3206 427 3270 imperent,
435 3205 562 3253 Corinnam
570 3205 660 3253 scilicet
672 3216 695 3253 et
747 3215 794 3259 tur,
804 3222 874 3268 quem
887 3204 980 3253 unicam
992 3204 1036 3253 tibi
1046 3204 1153 3269 predam
1163 3202 1241 3253 videi·

196 3280 318 3334 Ovidium,
329 3283 384 3326 sutis
396 3278 431 3327 illi
449 3289 479 3326 srt
491 3296 563 3326 urium
580 3296 592 3328 e
604 3279 696 3328 duobus
746 3278 894 3337 vindictum
911 3278 948 3326 rel
955 3294 1048 3339 prome,
1060 3275 1085 3325 id
1094 3284 1140 3333 est,
1148 3278 1241 3341 mille.

195 3352 323 3415 (Ovidium
351 3353 422 3411 dicit)
443 3353 487 3401 sibi
514 3353 697 3402 conciliasse—
746 3352 976 3418 quasdamandum
984 3352 1096 3417 propellit
1104 3350 1240 3408 melotus

198 3429 357 3481 Pronomae,
370 3428 517 3475 Francolurt.
529 3428 568 3475 cui
579 3428 697 3476 accedunt
747 3428 808 3484 Qus
819 3434 949 3491 sequuntur
960 3423 1010 3473 fuse
1018 3424 1077 3473 satie
1086 3424 1215 3490 explicent·

196 3501 285 3549 Mureti
300 3509 324 3549 et
342 3501 432 3548 Douzae
448 3499 556 3558 codices;
573 3509 597 3548 et
613 3500 694 3549 lectio·
779 3501 804 3548 7.
834 3498 959 3562 Perculit]
986 3496 1088 3555 lnnixit,
1110 3496 1143 3546 ed
1164 3506 1241 3547 tem!

197 3591 250 3624 nem
260 3583 356 3623 tuentur
366 3574 477 3622 Macrob.
495 3575 589 3621 Satura.
603 3574 627 3622 ii.
638 3575 661 3621 7.
672 3585 697 3623 et
746 3574 835 3638 adegit.
870 3574 960 3621 Notum
977 3579 1060 3621 autem
1071 3570 1243 3638 cstTelephiet

196 3651 264 3699 Suet.
275 3648 300 3697 iu
311 3648 374 3710 Aug.
383 3647 415 3695 iii.
450 3646 539 3694 Auru.
749 3648 849 3697 Achillis
864 3655 993 3696 certamen.
1029 3646 1104 3704 Quod
1122 3654 1243 3696 tutemet

398 3748 496 3758 --
747 3721 825 3770 Plinio
835 3721 940 3770 dictunrs
950 3735 1002 3769 sum
1020 3718 1243 3785 nouoruuiburprs·

231 3799 252 3846 l.
265 3798 409 3860 Onunqnnrn
420 3814 460 3858 pro
472 3812 505 3843 rne
515 3797 577 3850 rutis,
585 3796 646 3858 bc]
657 3796 696 3843 In·
747 3795 811 3844 vium
823 3805 867 3843 est.
886 3794 906 3842 is
915 3793 988 3857 igitur
1003 3792 1049 3841 lroc
1059 3791 1174 3843 subtilius
1185 3804 1244 3858 qu·

196 3872 289 3922 vehitur
300 3871 325 3919 in
336 3871 479 3938 Cupidinem
488 3878 564 3936 poeta,
573 3870 613 3934 qui
623 3887 697 3919 unum
747 3886 801 3917 rens
821 3869 855 3917 ita
875 3866 955 3917 scribit
977 3866 1099 3932 (loquitur
1118 3866 1184 3916 euin
1202 3880 1244 3931 quo

196 3964 221 3996 se
238 3946 293 3996 telis
312 3946 360 3995 suis
381 3946 518 4012 petendum,
537 3961 584 4011 pra·
607 3945 698 3993 crateris
748 3943 817 3991 modo
826 3944 856 3991 ab
863 3941 957 3990 Achille
964 3939 1087 4006 Telephus
1094 3939 1243 3990 samtuelut·

196 4019 317 4084 selegerit:
336 4016 696 4068 summabaeutotiusrarminis.
747 4018 793 4077 rit)
805 4033 861 4081 cap.
873 4033 913 4064 rr.
924 4014 969 4062 lib.
979 4013 1063 4062 xxxiv.
1100 4014 1174 4063 ΕΜ
1188 4012 1246 4061 nii-

196 4095 253 4143 Jure
265 4093 336 4157 igitur
346 4100 466 4159 nunquam
477 4092 535 4141 satis
551 4096 696 4157 indignatum
746 4111 775 4156 go
786 4094 832 4155 ipro
843 4091 983 4145 inremedttr,
990 4097 1012 4135 el
1022 4091 1056 4137 ric
1067 4088 1191 4153 Teleph-
1198 4102 1246 4151 pro·

198 4166 697 4223 iuredicit‚etuninsincordedrsidinrnnr,
748 4170 814 4213 ditur
834 4180 922 4211 mnatre
939 4163 1049 4215 Achilles,
1072 4166 1119 4212 tine
1140 4164 1165 4211 id
1185 4176 1247 4216 eru.
