2896 4980
201 332 266 397 220

491 326 531 393 P.
554 326 716 393 OVIDII
740 327 951 395 NASONIS

205 505 311 578 Tunc
330 529 412 601 ego,
431 505 462 578 si
480 527 553 579 non
573 514 631 576 est
647 502 762 576 fallax
779 503 918 577 fiducia
935 502 1064 589 nostri,

256 621 424 695 Efficiam
442 628 619 718 praesenS,
635 631 676 692 ut
694 645 779 693 mea
795 645 911 717 regna
927 624 1049 719 petas.

206 738 247 811 Si
264 739 393 837 pudet,
413 749 451 811 et
468 738 616 823 metuis,
637 762 683 810 ne
701 761 762 811 me
779 738 927 811 videare
946 747 1096 823 secuta3

253 853 342 953 Ipse
359 878 444 927 reus
463 854 541 927 sine
559 866 598 926 te
616 854 779 926 criminis
799 854 909 950 hujus
928 878 1028 949 agar.

204 969 303 1044 Nam
322 994 457 1067 sequar
475 968 618 1064 AEgidae
637 968 789 1055 factum,
808 968 1041 1066 fratrumque
1059 978 1215 1042 tuorum.

253 1084 439 1182 Exemplo
458 1085 557 1180 tangi
579 1109 651 1157 non
670 1085 840 1182 propiore
859 1095 979 1182 potes,

1168 1088 1236 1159 326

202 1200 257 1275 Te
274 1201 395 1299 rapuit
413 1199 603 1287 Theseus;
634 1200 800 1296 geminas
820 1199 1070 1299 Leucippidas
1090 1200 1163 1275 illi:

252 1314 417 1400 Quartus
436 1317 473 1387 in
492 1315 675 1412 exemplis
694 1315 965 1389 adnumerabor
982 1340 1065 1412 ego.

202 1433 314 1506 Troia
330 1432 461 1504 classis
480 1431 587 1504 adest
604 1431 715 1503 armis
734 1429 916 1504 instructa
932 1433 1108 1529 virisque.
1179 1458 1191 1485 ·

251 1548 274 1620 J
278 1573 337 1622 am
355 1548 494 1620 facient
511 1549 657 1620 celeres·
670 1571 793 1620 remus
812 1559 850 1620 ct
868 1572 958 1621 aura
973 1548 1065 1620 vias.

1169 1550 1236 1620 330

202 1664 281 1739 Ibis
300 1663 509 1737 Dardanias
528 1663 659 1759 ingens
677 1662 805 1757 regina
822 1688 890 1761 per
907 1663 1041 1737 urbes:

252 1780 382 1877 Teque
400 1805 531 1853 novam
550 1780 678 1854 credet
695 1779 827 1874 vulgus
846 1780 979 1853 adesse
998 1779 1133 1852 Deam.

202 2018 321 2077 trrujmm,
332 2015 370 2063 vel
382 2025 421 2062 tua
433 2017 507 2063 rurba.
537 2017 565 2063 ln
576 2017 696 2064 Puteuneo

201 2098 269 2137 vetus
278 2088 349 2137 lectio
358 2098 408 2136 erat
419 2104 492 2136 erasa.
524 2089 598 2136 l'eruu
608 2092 631 2135 tu
644 2098 696 2135 ruta

193 2166 256 2225 J'uru
267 2165 311 2210 tuis
322 2161 414 2209 videtur
424 2161 581 2210 scribendum.
598 2171 660 2210 certe
671 2162 696 2209 iu

201 2235 306 2301 quinque
316 2236 408 2300 scriptis
417 2235 548 2300 legebatur,
560 2239 631 2284 uerbis
640 2239 695 2283 tuis.

201 2311 247 2357 tuis
267 2311 346 2363 valta,
365 2308 465 2373 quintu
483 2308 540 2356 mihi
560 2308 696 2373 praescribes

196 2383 350 2449 jurisjurandi
366 2383 559 2447 formulamque
574 2384 616 2431 tibi
628 2384 695 2431 addi-

200 2475 250 2507 car.
268 2458 413 2519 hincjurure
430 2461 452 2505 in
465 2459 564 2520 alicujus
575 2460 648 2513 uerbo,
659 2475 695 2507 sa·

200 2541 346 2582 crumentum
364 2533 435 2581 alicui
454 2532 542 2581 dicere.
576 2533 623 2580 Pur
641 2533 695 2582 huic

196 2606 349 2672 jurisjurandi
370 2606 468 2655 formula
486 2605 569 2654 Amor.
592 2606 636 2654 lib.
658 2607 693 2655 iii.

199 2680 269 2744 Eleg.
280 2680 305 2728 ii.

147 2781 150 2786 .
233 2754 280 2801 Per
290 2754 384 2817 Superm
392 2758 451 2816 juro
470 2764 541 2808 testes,
552 2769 695 2818 pompamque

294 2832 393 2884 deorsum,

264 2902 295 2950 Te
305 2906 416 2950 domiuum
428 2905 488 2950 nolus
503 2911 587 2964 tempus
597 2905 620 2949 in
632 2920 695 2952 unane

292 2979 348 3038 peti.

200 3051 237 3098 De
248 3055 305 3113 jure
323 3050 371 3098 dixi
383 3048 488 3112 Epistola
501 3048 535 3096 iii.
554 3051 597 3097 sub
613 3052 692 3099 linem.

200 3124 287 3186 possint
302 3133 381 3171 tamen
400 3130 424 3169 ct
439 3140 502 3170 socru
512 3127 571 3184 jum
583 3124 636 3172 ferri
653 3142 694 3189 pro

198 3197 305 3244 sacratis.
317 3206 343 3244 ut
352 3195 414 3260 apud
423 3195 548 3258 Virgilium
560 3196 586 3244 ii.
597 3200 693 3247 AEncid.

202 3270 256 3318 157.

232 3344 277 3390 Fut
286 3345 341 3389 milri
353 3344 476 3405 Grnjorum
487 3353 576 3390 sacruto
588 3347 694 3392 resoluere

255 3421 326 3479 J'uro.
570 3418 660 3467 llrnss.

231 3492 289 3538 32³.
307 3491 414 3552 Secuta]
434 3491 504 3547 Quod
523 3490 618 3548 infame,
632 3494 693 3541 unde

197 3567 302 3612 mulieres
318 3565 452 3626 secutulejae.
469 3565 523 3612 vide
535 3581 587 3628 qum
604 3567 694 3614 notavi·

197 3655 250 3687 mus
260 3638 290 3687 ad
302 3638 397 3685 Petron.
406 3654 459 3702 cap.
469 3638 545 3686 lxxxi.
563 3640 651 3688 Bunu.

230 3714 285 3761 326.
300 3712 350 3759 Non
360 3713 485 3774 propiore]
500 3712 694 3775 l'utolegendum

198 3805 251 3834 num
263 3805 268 3845 ;
286 3798 313 3834 ut
325 3802 387 3850 saepe
399 3785 465 3833 alibi.
477 3785 520 3831 inf.
534 3802 592 3832 vers.
603 3788 660 3835 363.

229 3864 285 3910 327.
320 3862 427 3908 Geminus
455 3861 605 3922 Leucippidas
632 3863 691 3925 itta]

197 3935 287 3984 Ambus
298 3936 411 4001 leucippi
424 3936 484 3984 filios
495 3946 623 4000 rapuerunt
635 3938 692 3986 Cas-

196 4020 232 4059 tor
249 4020 272 4059 et
292 4011 390 4058 Pollux:
413 4028 512 4076 quamm
531 4011 626 4060 nomina
641 4012 691 4060 fue·

102 4080 104 4085 ’
196 4096 251 4133 runt
272 4083 351 4139 llaira,
371 4095 396 4135 ct
417 4086 518 4136 Phoebe.
552 4084 691 4150 Apollodor.

195 4157 239 4207 lib.
251 4157 287 4207 iii.
305 4158 376 4208 Cror.

778 2015 834 2062 328.
852 2013 882 2061 In
892 2015 995 2075 exeenplis
1005 2013 1171 2061 annumerabor
1178 2006 1235 2075 ega]

747 2089 900 2135 Annumeruri
930 2089 1033 2148 exemplis
1059 2084 1171 2135 hunam
1195 2092 1237 2133 ut·

745 2160 844 2209 alterum
856 2160 970 2209 latinitas
981 2163 1020 2208 rix
1036 2158 1149 2208 admittit.
1181 2157 1236 2207 snt>

745 2234 821 2284 scribo
840 2236 911 2299 igitur
929 2251 969 2283 sex
987 2233 1170 2299 exemplaribus,
1187 2246 1236 2297 qne

745 2313 890 2358 enumembor
900 2309 1033 2376 praeferunt.
1051 2308 1095 2356 nisi
1106 2307 1187 2356 melis:

768 2384 872 2437 Quartus
880 2386 1237 2446 ureuemptnauauuemmegu.

745 2456 783 2505 Sic
803 2458 887 2522 Elegia
904 2459 933 2506 de
949 2458 1018 2505 Nuce
1037 2457 1092 2505 177.
1125 2456 1236 2504 Annum·

745 2549 797 2579 rure
799 2533 898 2597 jiuctus
904 2534 987 2581 colono.
1004 2532 1038 2579 vel
1039 2536 1093 2593 jum
1101 2531 1237 2585 numerum,

745 2618 794 2664 aut,
813 2625 841 2655 en
861 2609 1004 2656 numerelror.
1026 2606 1159 2654 llrrssrus.
1191 2602 1237 2667 Ego

745 2681 803 2729 nihil
829 2690 907 2737 muto;
939 2697 992 2729 cum
1021 2678 1156 2728 latinitatis
1183 2675 1237 2726 ntia

744 2756 811 2803 salva
831 2756 869 2810 sit,
891 2755 941 2820 ipso
961 2753 1048 2802 Ouidio
1064 2769 1182 2823 sponsore,
1199 2750 1236 2818 qni

744 2828 787 2876 lib.
799 2847 822 2877 v.
833 2829 904 2878 Trist.
915 2830 947 2877 iv.
960 2829 999 2876 20.

1013 2903 1085 2963 Cujus

777 2979 805 3026 Se
822 2994 905 3041 quoque
926 2981 951 3025 r'n
969 2979 1072 3040 exemplis
1091 2988 1237 3024 annumerent

808 3054 869 3100 solet.

745 3124 828 3174 Cicero
844 3124 937 3174 accedit
952 3141 993 3190 pro
1004 3123 1077 3173 Rosa.
1089 3123 1172 3173 Aruer.
1184 3138 1236 3189 cap.

745 3202 786 3247 32,
824 3201 905 3248 l'erurn
916 3217 955 3263 ego
964 3199 1069 3263 forsitan
1077 3207 1170 3261 propter
1180 3198 1236 3245 nuel·

745 3278 863 3322 titudinem
880 3286 1026 3337 patronorum
1038 3276 1063 3321 iu
1079 3290 1148 3338 grege
1165 3289 1236 3321 anun·

744 3368 829 3405 merem
847 3351 918 3396 immo
936 3365 1066 3396 enumerare
1085 3350 1111 3395 in
1131 3346 1237 3408 exemplis.

744 3424 838 3472 minime
856 3423 938 3471 latine
955 3422 1104 3478 disiunctae
1121 3429 1158 3470 est
1174 3421 1235 3469 loen·

743 3497 885 3562 plerissimus
911 3497 950 3544 Cl.
973 3496 1082 3547 Gravius
1108 3494 1140 3543 ad
1160 3494 1235 3542 Cicer.

744 3570 858 3618 Paradox.
870 3570 888 3617 i.
900 3571 939 3617 ubi
949 3570 1007 3617 forte
1016 3569 1089 3617 etiam
1098 3566 1234 3632 legendum:

745 3645 806 3700 Bias,
817 3648 855 3706 qui
866 3655 1033 3691 annumeratur
1043 3646 1068 3691 in
1080 3652 1168 3705 sepum.
1186 3639 1234 3689 ml·

743 3735 772 3782 go
798 3730 953 3774 murmuratur,
980 3720 1080 3767 Graevus
1107 3723 1235 3765 numeratur

743 3793 835 3856 prael'crt
862 3810 890 3840 er
918 3792 1043 3839 Pithoenno
1067 3790 1162 3839 codice:
1189 3788 1234 3835 vim

743 3883 798 3913 vero
817 3866 887 3929 hujus
899 3867 962 3913 verbi
978 3866 1098 3930 eleganter
1113 3861 1234 3913 illustrarit

742 3940 903 4003 Sclrultingius
914 3940 944 3987 ud
960 3941 1056 3988 Seuecae
1071 3938 1202 3987 Samariam
1211 3933 1234 3982 ii.

742 4015 831 4061 Burin.

773 4090 832 4137 332.
851 4087 923 4150 Teque
933 4104 1012 4134 trusam
1020 4088 1095 4133 credet
1104 4086 1185 4149 vulgus
1194 4084 1232 4131 ad·

741 4180 784 4210 esse
804 4162 899 4225 Deam]
920 4161 999 4208 llunc
1020 4157 1117 4208 titulum
1135 4168 1233 4207 seuam
