2896 4980
415 302 555 368 ARTIS
578 300 847 367 AMATORIAE
870 300 960 366 LIB.
985 300 1014 364 Ι.
1176 300 1240 366 481

196 478 290 564 Quis
309 476 459 575 sapiens
478 475 625 550 blandis
643 498 717 549 non
733 475 893 549 misceat
909 475 1039 548 oscula
1055 474 1204 548 verbis?

246 591 318 667 Illa
334 592 422 666 licet
440 604 513 665 nou
530 592 614 678 det;
642 615 717 664 non
735 591 825 665 data
841 615 948 664 sume
966 600 1105 663 tamen.

197 705 388 804 Pugnabit
403 706 523 804 primo
540 704 707 780 fortassis
717 733 725 793 ;
736 716 801 817 ‚0‘’
818 702 1007 803 Improbe,
1024 705 1148 779 dicet:
1164 706 1239 781 665

245 822 455 919 Pugnando
474 821 571 895 vinci
590 821 658 895 sed
676 832 804 895 tamen
822 820 886 895 illa
900 821 1012 895 volet.

195 936 373 1023 Tantum,
389 960 438 1010 ne
456 946 617 1011 noceant
634 935 772 1009 teneris
789 936 888 1010 male
907 947 1014 1034 rapta
1029 935 1188 1021 labellis,

247 1052 354 1127 Neve
372 1053 478 1150 queri
497 1052 616 1150 possit
632 1052 728 1125 dura
743 1050 870 1138 fuisse,
890 1074 992 1126 cave.

198 1169 342 1243 Oscula
355 1169 420 1264 qui
438 1167 585 1254 sumsit,
604 1169 636 1241 si
655 1191 730 1240 nou
749 1180 788 1241 et
803 1174 931 1242 cetera
944 1177 1084 1254 sumet;

249 1282 343 1356 Haec
353 1306 519 1381 quoque,
533 1308 619 1381 quae
629 1283 720 1358 data
728 1295 829 1370 sunt,
841 1284 998 1382 perdere
1008 1283 1144 1381 diguus
1158 1281 1239 1355 erit.

199 1398 390 1484 Quantum
407 1396 578 1473 defuerat
594 1399 705 1497 pleno
723 1409 811 1498 post
827 1399 958 1474 oscula
973 1411 1075 1487 voto;
1167 1399 1236 1469 671

250 1513 323 1588 Hei
341 1515 449 1594 mihil
476 1515 677 1602 rusticitas,
697 1540 771 1589 nou
789 1517 909 1614 pudor
925 1515 987 1589 ille
1003 1513 1085 1588 fuit

200 1629 287 1705 Vim
300 1631 390 1704 licet
407 1630 594 1728 adpelles3
624 1642 730 1728 grata
747 1643 805 1704 est
821 1632 876 1705 vis
894 1632 966 1705 ista
982 1628 1138 1728 puellis:

250 1744 361 1830 Quod
374 1747 497 1842 juvat,
515 1747 638 1820 invitae
656 1771 757 1845 stepe
775 1748 925 1822 dedisse
942 1748 1082 1822 volunt.

202 1859 460 1958 Quaecumque
474 1868 532 1935 est
549 1862 676 1936 subita
690 1861 847 1936 Veneris
860 1863 999 1936 violata
1013 1858 1157 1959 rapina,
1169 1860 1244 1932 675

253 1976 422 2051 Gaudet:
452 1989 491 2050 et
508 1977 728 2075 improbitas
747 1978 911 2051 muneris
928 1979 1044 2051 instar
1061 1974 1188 2049 habet.

205 2090 256 2162 At
272 2114 369 2187 quae,
389 2115 473 2165 cum
492 2094 736 2191 cogiposset,
756 2118 831 2167 non
848 2104 949 2169 tacta
966 2091 1135 2176 recessit,

257 2204 310 2278 Ut
327 2207 476 2281 simulet
492 2208 595 2281 vultu
615 2207 763 2303 gaudia,
783 2208 898 2281 tristis
917 2209 998 2281 erit.

204 2454 281 2502 audet
297 2454 339 2503 sed
349 2467 420 2505 uncta
429 2473 509 2508 verum
520 2467 564 2518 est,
574 2475 621 2524 quo
632 2461 699 2509 adlu-
750 2475 851 2525 cumque
868 2467 923 2524 apta
937 2466 992 2506 sunt
1005 2457 1036 2507 ad
1051 2453 1193 2505 eliciendum
1204 2451 1246 2499 fic·

205 2524 240 2573 dit
251 2528 475 2589 Helmestadiensis,
494 2532 517 2580 in
535 2549 582 2597 qno
591 2529 651 2583 latta
663 2534 700 2583 vel
750 2543 787 2581 tas
807 2531 924 2582 lacrimas.
964 2530 1005 2578 Sic
1023 2532 1074 2577 ude
1093 2527 1165 2576 etiam
1184 2541 1247 2590 gerne

209 2602 288 2649 ruera.
320 2601 360 2652 Sic
375 2614 400 2652 et
414 2616 497 2654 anema
512 2624 592 2665 conas,
603 2623 645 2672 pro
656 2625 700 2655 un·
750 2605 861 2668 leguntur
877 2605 902 2653 in
921 2602 945 2651 ii.
965 2600 1024 2651 libro
1046 2600 1174 2655 Fastorum,
1191 2598 1248 2646 460.

206 2683 289 2734 guma
315 2676 427 2727 delibutus
453 2678 497 2728 lib.
525 2697 547 2729 ν.
580 2681 701 2730 Fastorum
750 2678 839 2727 Auru.

205 2744 274 2795 dixit.
308 2748 374 2799 Olioo
394 2761 487 2818 tangere
508 2754 571 2820 apud
594 2748 703 2805 ⁴Persium
786 2753 841 2802 670.
871 2753 969 2802 Perdere
987 2754 1072 2816 digitur
1092 2748 1165 2811 erra]
1196 2744 1250 2794 Erit

207 2820 291 2885 Satyra
306 2822 339 2873 iii.
358 2827 405 2874 4³:
425 2829 542 2892 quomodo
556 2827 596 2878 hie
617 2832 703 2880 lumina
753 2824 870 2875 meliores.
885 2834 911 2875 et
920 2819 1032 2890 superiori
1042 2824 1149 2878 versuti
1166 2835 1210 2868 nou
1227 2829 1250 2865 et

207 2904 277 2943 uncta
288 2912 357 2946 mana
368 2907 475 2963 tarrgrre:
754 2911 827 2949 cetero
837 2909 918 2955 sanast.
930 2899 1062 2955 salmuris.
1079 2895 1210 2968 ῌιικιιυι.
1225 2899 1252 2943 et

239 2967 379 3030 Srpromlos
387 2975 477 3021 marini
485 2975 611 3038 tangebam
621 2992 705 3037 partas
755 2986 803 3023 nat
822 2983 899 3040 potest
915 2970 1020 3021 retineri.
1032 2969 1081 3018 vid.
1098 2966 1129 3017 ad
1144 2964 1250 3032 Epist-i.

269 3042 342 3101 olivo,
758 3049 811 3096 los.
830 3057 903 3096 cetera
920 3045 1020 3102 dictum,
1036 3052 1063 3092 ut
1080 3042 1115 3090 iii.
1130 3040 1211 3090 Amor·
1223 3039 1249 3087 ii·

241 3115 347 3165 Grandia
367 3122 387 3166 si
408 3121 489 3168 nollem
511 3125 616 3170 morituri
638 3124 703 3173 uerbo
756 3121 798 3169 ult.
1243 3150 1246 3156 ⁴

273 3188 366 3240 catonis
787 3194 843 3242 671.
861 3192 933 3242 Pleno
941 3204 990 3254 post
1004 3193 1080 3242 osculo
1090 3187 1160 3252 oola]
1180 3187 1251 3238 Facto

243 3261 331 3321 Dicere,
342 3276 364 3314 et
381 3268 463 3314 insano
471 3268 568 3316 multum
586 3271 703 3320 tammus
752 3266 864 3317 Juretiet
875 3266 988 3316 Inlimelii
1003 3267 1071 3317 liber.
1104 3263 1249 3330 Forte,sur-

273 3342 390 3404 magistro.
755 3353 784 3390 to.
809 3342 939 3392 Hrmsrus.
973 3340 1041 3391 Nihil
1050 3346 1177 3389 mutarem.
1194 3338 1251 3389 licet

212 3408 345 3461 lldomona
360 3413 576 3478 taugere,explicat
591 3412 704 3479 simplici·
755 3415 818 3463 enim
837 3417 906 3481 sueto
930 3413 1049 3482 explicare
1073 3424 1203 3478 possemus·
1226 3422 1252 3460 ul

209 3492 244 3529 ter
261 3483 419 3543 Burmannus,
437 3496 464 3535 ut
482 3487 615 3537 madefacta
635 3497 707 3537 antea
755 3490 819 3554 apud
830 3490 926 3541 Patron.
936 3502 991 3556 cap.
1008 3488 1041 3539 xi.
1051 3489 1250 3537 medlaeernnt

208 3571 280 3606 runnu
296 3561 706 3624 oculoscontinga15utvideantur
756 3566 832 3613 omnia
840 3565 928 3630 sacto,-
952 3563 1080 3622 chivida,
1105 3561 1168 3611 idem
1186 3567 1251 3608 notat

209 3639 282 3693 guttas
293 3631 349 3690 illas,
361 3641 475 3698 tanquam
487 3633 600 3694 lacrima,
611 3652 640 3686 er
650 3653 706 3687 ocu·
757 3647 841 3695 mam,
851 3638 915 3702 quod
926 3636 997 3687 etiam
1007 3635 1032 3684 iu
1040 3635 1086 3684 hac
1093 3650 1118 3682 re
1126 3632 1251 3698 proprium.

210 3702 238 3750 lis
257 3705 352 3757 cadere.
386 3706 424 3754 Sic
445 3705 504 3755 libro
522 3708 537 3757 i.
560 3710 640 3760 Amor.
658 3711 706 3761 viii.
757 3711 845 3760 Burri.

210 3776 252 3823 83.
788 3784 848 3835 675.
865 3784 1015 3845 natumque
1028 3791 1060 3828 ot
1074 3780 1149 3826 mura
1162 3775 1252 3826 Veseris

100 3917 102 3921 Ι
208 3895 212 3901 ,
244 3850 307 3903 Quin
323 3857 390 3901 etiam
408 3856 495 3902 discent
511 3858 571 3904 ocati
588 3860 707 3909 lacrimare
758 3859 842 3907 oioluta
852 3860 941 3919 arpina,
955 3855 1057 3908 Gaudet,
1067 3850 1128 3914 ἄψ]
1147 3848 1250 3916 Elegan-

306 3931 386 3982 coacti,
756 3939 793 3981 tar
810 3930 936 3980 admodum
945 3926 1084 3976 Theocritus
1094 3923 1168 3990 ldyll.
1180 3923 1253 3974 xxvii.

276 3999 523 4063 Etsaa'autsduaillo
534 4004 706 4067 velillagenm:
755 4007 797 4054 69.
824 3995 1253 4067 'oppumaaldopimrpadlqdlol

211 4070 250 4118 ubi
269 4074 312 4120 illa
326 4074 364 4122 vel
380 4073 431 4128 illo,
448 4083 546 4136 possunt
559 4076 621 4139 cupi,
638 4092 705 4140 qua.
755 4075 921 4135 Μονίάνθη,
953 4075 1042 4123 ΑΜ.
1156 4089 1181 4118 υ.
1214 4112 1218 4120 .

245 4151 349 4202 total.
835 4155 867 4202 ri
1247 4157 1248 4160 ’
