2896 4980
229 313 295 381 270
518 312 556 379 P.
579 309 742 379 0v1n11
764 311 978 380 NASONIS

233 485 269 560 Ν
272 509 321 560 on
338 501 409 583 eg'o
426 488 572 574 natura,
592 510 662 561 nec
680 511 763 561 sum
779 498 860 561 tam
877 488 1035 568 callidus
1054 512 1150 565 usu:
1225 492 1269 565 25

284 602 481 677 Sollertem
498 614 541 676 tu
558 628 631 690 me,
651 603 798 701 (crede)
816 606 954 703 puella,
973 604 1079 679 facis.

231 717 286 793 Te
304 719 394 792 mihi
412 720 630 818 compositis
648 721 698 818 (si
716 721 807 818 quid
825 733 952 796 tamen
970 720 1134 820 egimus)
1151 746 1175 797 a
1190 746 1247 797 me

282 834 494 909 Adstrinxit
510 837 633 909 verbis
651 836 866 933 ingeniosus
884 837 1013 911 Amor.

233 951 395 1027 Dictatis
413 953 461 1025 ab
480 975 524 1025 eo
542 951 614 1025 seci
632 953 822 1050 sponsalia
839 953 985 1027 verbis:

282 1068 545 1166 Consultoque
563 1066 614 1140 sui
628 1069 723 1164 juris
742 1069 882 1141 Amore
899 1068 1013 1142 vafer.
1223 1073 1269 1143 30

234 1184 292 1259 Sit
308 1184 409 1258 fraus
427 1184 514 1258 huic
533 1208 669 1257 nomen
687 1183 800 1271 fact0,
819 1184 998 1281 dicarque
1016 1184 1190 1259 dolosus:

281 1301 343 1397 (Si
360 1312 486 1375 tamen
505 1312 575 1388 est,
595 1302 696 1399 quod
715 1325 818 1374 ames
836 1301 933 1373 velle
950 1310 1092 1387 tenere,
1111 1298 1245 1395 dolus.)

232 1416 291 1491 En
309 1417 443 1491 iterum
461 1417 596 1502 scribo,
615 1416 800 1513 mittoque
814 1416 983 1512 rogantia
1000 1418 1127 1491 verba.

281 1531 412 1607 Altera
428 1533 529 1607 fraus
547 1532 627 1605 haee
646 1544 725 1606 est:
746 1531 925 1628 quodque
943 1532 1125 1629 queraris,
1144 1531 1264 1606 habes.

233 1649 274 1723 Si
292 1674 409 1723 noceo
427 1650 529 1747 quod
548 1673 654 1736 am03
675 1647 805 1733 fateor,
825 1647 906 1720 sine
924 1648 998 1722 fine
1011 1649 1181 1738 noceb03
1221 1648 1265 1720 35

281 1763 413 1862 Teque
431 1777 579 1864 petam:
599 1788 733 1837 caveas
751 1774 793 1836 tu
811 1761 900 1836 licet
917 1764 1000 1862 ipsa
1017 1764 1110 1862 peti.

231 1879 307 1954 Per
323 1882 466 1978 gladios
480 1883 540 1956 alii
559 1883 716 1980 placitas
734 1903 891 1977 rapuere
908 1881 1075 1978 puellas:

283 1996 434 2096 Scripta
450 1998 541 2071 mihi
559 2010 668 2071 caute
686 1997 794 2070 litera
806 1995 947 2069 crimen
967 1996 1059 2070 erit?

232 2112 282 2184 Di
300 2113 449 2200 saciant,
469 2114 609 2212 possim
627 2114 753 2211 plures
771 2112 963 2211 imponere
980 2113 1115 2187 nodos!

283 2228 338 2302 Ut
353 2240 420 2305 tua
436 2229 486 2302 sit
502 2230 606 2302 nulla
624 2230 742 2303 libera
759 2240 866 2329 parte
884 2230 991 2304 fides.
1223 2232 1267 2300 40

233 2343 340 2419 Mille
357 2346 433 2419 doli
445 2357 604 2420 restant:
625 2346 720 2420 clivo
738 2348 917 2420 sudamus
935 2347 973 2420 in
991 2346 1077 2420 imo.

280 2461 403 2536 Ardor
420 2463 657 2561 inexpertum
676 2462 728 2534 nil
746 2462 844 2536 sinet
861 2487 944 2538 esse
962 2484 1083 2536 meus.

264 2673 340 2722 Fraus
355 2676 671 2738 superspatiosum
688 2676 729 2723 tibi
779 2681 877 2737 apparet
890 2689 919 2720 ex
936 2671 1046 2721 Petronio
1062 2670 1197 2737 caprini.
1225 2668 1269 2718 Nes

319 2749 534 2810 jungererinnnns
778 2748 854 2795 adhuc
873 2748 1002 2802 sciebamus,
1024 2763 1064 2794 nos
1084 2749 1109 2795 s'n
1133 2746 1205 2794 nodio
1223 2746 1269 2792 iss·

297 2821 326 2869 Id
346 2838 389 2875 me,
408 2823 590 2884 prospereris,
608 2825 729 2871 consiiiars
780 2822 894 2875 titionum,
914 2824 971 2883 quod
992 2824 1070 2884 ajunt,
1088 2821 1146 2868 siisu
1165 2819 1269 2867 laborm.

327 2883 407 2957 potasti
780 2894 819 2943 ubi
831 2893 885 2942 vide
897 2909 949 2957 quae
967 2893 1109 2942 notavimus.
1126 2888 1271 2941 altndnntsd

233 2970 284 3018 Hoc
303 2969 406 3026 unicum,
417 2971 475 3033 quod
490 2972 589 3033 quereris
601 2970 649 3035 (ita
665 2970 729 3019 enim
780 2969 840 3017 hanc
851 2966 994 3016 sententiam
1009 2966 1052 3016 illa
1068 2966 1184 3034 Propertii
1199 2964 1240 3015 lib.
1253 2962 1270 3014 i.

232 3052 323 3093 veteres
339 3043 420 3100 locuti,
433 3043 514 3108 prode
528 3061 572 3106 quo
585 3048 692 3107 quereris,
703 3053 730 3094 ut
779 3043 849 3106 Eleg.
861 3040 912 3090 xiii.
922 3043 947 3090 9.

232 3132 285 3165 mox
295 3133 364 3165 versu
371 3116 501 3165 :tendat
509 3118 604 3165 Petron.
613 3119 730 3183 capaci.)
814 3117 924 3165 Perditus
934 3118 959 3162 in
966 3116 1065 3178 quodam
1077 3116 1151 3162 tardis
1157 3115 1272 3177 petissem

232 3190 309 3238 meriti
318 3191 397 3239 locum
411 3192 491 3248 habet,
502 3201 526 3241 et
536 3208 574 3240 me
591 3192 634 3240 tibi
651 3193 729 3244 conci·
876 3192 939 3239 euris

232 3262 290 3311 liare
305 3273 391 3328 potcst.
408 3264 440 3313 dc
456 3265 498 3313 iilo
516 3284 558 3329 quo
574 3277 665 3335 prout,
680 3268 728 3316 vid.
829 3263 924 3327 Incipis,
932 3274 953 3312 et
959 3265 1033 3325 primo
1041 3264 1118 3324 lapsu
1125 3264 1272 3328 abingrorts.

233 3336 264 3397 ad
281 3337 359 3401 Epist.
370 3337 435 3386 xviii.
445 3338 504 3387 20³.
515 3348 540 3387 et
556 3339 659 3388 Remed.
671 3341 729 3389 517.
781 3339 829 3388 Ubi
840 3355 894 3387 cum
905 3336 1004 3387 Heinsio
1018 3336 1109 3392 malim,
1119 3338 1198 3385 lassus.
1228 3333 1273 3383 lu

232 3410 323 3458 Busan
779 3415 838 3461 cliuo
847 3429 902 3462 vero
912 3421 975 3460 recte
986 3410 1092 3460 vindicat
1103 3409 1224 3459 Heinsius.
1241 3407 1272 3458 its

266 3485 306 3532 ³0.
332 3482 504 3547 Consultoque]
534 3485 618 3534 Donzs
638 3487 730 3535 tmesim
782 3490 845 3537 Plor.
856 3488 900 3537 iib.
912 3487 938 3535 ii.
950 3503 1003 3551 csp.
1014 3487 1039 3534 3.
1067 3482 1272 3551 Lignrssissisdl·

233 3557 467 3614 vultesse,conss1to
476 3561 550 3620 juris,
561 3575 602 3624 pro
613 3559 731 3609 Juriscon-
778 3566 842 3623 pium
851 3564 919 3626 jugis
935 3562 1082 3609 adimentes.
1094 3568 1119 3608 et
1134 3557 1170 3607 iii.
1182 3559 1224 3607 20.
1239 3557 1272 3607 Δὶ

232 3633 301 3690 mro,
324 3646 412 3680 amore.
429 3631 471 3680 sed
493 3648 537 3696 ego
557 3641 615 3696 puto
636 3650 730 3683 sonsum
780 3639 836 3683 imus
847 3636 1183 3684 Vesnoiidescsndersrudicas.
1198 3630 1272 3683 livius

232 3722 293 3764 esse,
312 3707 414 3755 eorrsulto
431 3706 560 3771 nmorssni
581 3707 645 3772 safer
657 3712 731 3771 juris.
781 3710 814 3757 ix.
826 3711 868 3759 ³5.
887 3709 1033 3757 [mimontes.
1045 3707 1080 3757 xl.
1092 3709 1135 3756 22.
1160 3706 1272 3757 Jmtoettu

233 3797 288 3831 nam
299 3780 398 3846 etwfer
409 3779 500 3845 proprie
511 3780 730 3840 deiurisconsulto,
781 3785 852 3832 AEms'.
877 3785 1011 3834 Nosterxv.
1021 3785 1084 3833 Met.
1094 3784 1154 3834 548.
1183 3782 1272 3833 Montis·

233 3862 257 3917 et
273 3854 298 3905 in
314 3856 400 3903 bonam
415 3862 506 3920 partem
518 3855 624 3904 sumitur.
635 3856 683 3906 vid.
694 3857 730 3905 A·
781 3860 1025 3921 pnejacsnsradicibus
1034 3861 1093 3907 imis.
1109 3857 1270 3908 vumrtws

232 3945 298 3981 eron.
316 3930 347 3980 sd
364 3930 449 3979 Horat.
467 3929 485 3977 i.
502 3930 553 3977 Sat.
566 3929 600 3977 iii.
611 3933 666 3980 130.
678 3931 728 3981 vid.
781 3930 798 3979 i.
815 3934 857 3980 25.
876 3931 938 3980 Imus
957 3932 1076 3996 Olympus.
1102 3932 1144 3981 ubi
1159 3932 1219 3981 male
1234 3924 1269 3977 sh'i

233 4003 263 4052 sd
274 4004 350 4070 Epist.
362 4004 411 4053 xvi.
421 4005 479 4053 ³14.
512 4005 601 4053 Bous.
780 4024 861 4061 onum,
872 4024 925 4071 qus
936 4022 1006 4056 voces
1017 4013 1042 4054 et
1052 4005 1123 4055 iaciie
1134 4014 1159 4054 et
1167 4004 1269 4068 neques-

266 4081 307 4128 41.
327 4079 391 4127 Ctioo
410 4082 517 4129 nectamus
534 4082 560 4128 in
576 4079 643 4143 ima]
672 4080 728 4127 Pro-
780 4087 815 4127 ter
831 4089 980 4144 perrnutatae.
992 4080 1042 4129 vid.
1057 4080 1098 4129 cl.
1111 4070 1268 4128 Darem-t

234 4151 307 4201 verbii
329 4152 433 4219 speciem
453 4152 504 4203 hac
527 4154 597 4203 verba
619 4153 728 4219 prasiane
779 4154 866 4205 Sitit.
877 4157 968 4211 312.v.
983 4155 1034 4204 112.
1070 4155 1159 4205 Βυιι.
