2896 4980
490 365 751 435 HEROIDES.
775 362 846 429 ΕΡ.
870 364 953 429 XV.
1177 368 1242 433 185

203 546 376 623 Candida
391 545 424 618 si
441 568 517 618 non
534 565 631 628 sum,
650 540 792 640 placuit
809 539 981 637 Cepheia
997 539 1138 616 Perseo
1195 546 1243 617 35

250 660 503 747 Andromede,
522 660 652 758 patriae
671 658 778 732 fusca
795 655 918 729 colore
936 681 1026 729 suae.

202 778 252 854 Et
267 779 378 853 variis
396 778 491 851 albae
506 779 714 873 junguntur
732 796 832 871 saepe
851 773 1054 847 columbae:

251 893 302 969 Et
319 895 426 990 niger
443 893 465 964 d
481 892 589 964 viridi
606 901 728 963 turtur
746 898 889 961 amatur
908 912 986 961 ave.

202 1012 255 1097 Si,
273 1011 345 1083 nisi
365 1033 451 1107 quae
470 1008 565 1081 facie
583 1006 721 1106 poterit
738 1016 776 1078 te
794 1005 908 1100 digna
921 1005 1049 1090 videri,

250 1125 367 1199 Nulla
384 1124 509 1198 futura
525 1134 591 1196 tua
609 1134 687 1212 est;
717 1124 819 1196 nulla
835 1121 960 1196 futura
976 1133 1042 1195 tua
1059 1132 1128 1195 est.
1195 1129 1245 1196 40

201 1240 264 1328 At,
285 1267 347 1315 me
365 1265 452 1315 cum
470 1240 628 1336 legeres,
648 1241 761 1313 etiam
779 1240 940 1313 formosa
956 1240 1131 1313 videbar:

251 1357 377 1431 Unam
391 1358 547 1455 jurabas
565 1380 687 1453 usque
705 1357 840 1429 decere
858 1355 972 1452 loqui.

201 1474 429 1562 Cantabam;
450 1472 603 1546 memini
615 1499 624 1560 ;
646 1472 911 1568 (meminerunt
920 1471 1046 1543 omnia
1058 1471 1244 1565 amantes)

250 1590 394 1664 Oscula
411 1589 578 1663 cantanti
597 1598 638 1660 tu
657 1588 748 1660 mihi
766 1598 873 1686 rapta
890 1588 1020 1660 dabas.

200 1704 458 1804 Haecquoquc
471 1706 669 1779 laudabas:
691 1703 1240 1801 omniqueaparteplacebam.

250 1821 327 1895 Sed
345 1832 426 1895 tum
444 1822 647 1920 praecipue,
667 1847 752 1895 cum
771 1822 813 1894 fit
830 1821 978 1895 Amoris
997 1845 1104 1918 opus.
1194 1826 1242 1895 46

199 1935 304 2012 Tunc
323 1949 361 2012 te
380 1939 465 2037 plus
484 1938 593 2010 solito
607 1937 761 2010 lascivia
777 1943 904 2009 nostra
916 1936 1084 2032 juvabat,

249 2053 469 2152 Crebraque
487 2054 687 2140 mobilitas,
707 2064 871 2153 aptaque
887 2053 1002 2126 verba
1014 2055 1123 2149 j0003

199 2167 362 2266 Quique,
382 2170 444 2241 ubi
468 2171 548 2266 jam
571 2170 766 2244 amborum
792 2169 912 2243 fuerat
939 2179 1162 2267 consumpta
1178 2195 1240 2251 voe

247 2283 437 2357 Plurimus
455 2285 493 2356 in
511 2285 610 2358 lasso
629 2309 783 2383 corpore
800 2287 955 2381 languor
974 2295 1064 2358 erat.
1086 2286 1240 2383 [luptas‚

202 2397 312 2473 Nunc
331 2401 400 2474 tibi
421 2401 603 2475 Sicelides
621 2403 786 2487 veniunt,
806 2427 902 2476 nova
918 2403 1057 2500 prada,
1078 2403 1225 2500 puellae.

248 2514 350 2600 Quid
368 2516 460 2588 mihi
478 2541 564 2590 cum
585 2516 733 2591 Lesbo?
762 2519 895 2591 Sicelis
914 2542 999 2591 esse
1016 2519 1112 2589 volo.

151 2705 155 2719 '
228 2725 271 2774 ao.
288 2725 454 2787 Aaronem]
473 2724 545 2790 apua
562 2726 632 2775 rnv.
650 2727 696 2775 ur·
746 2727 778 2774 at
799 2726 923 2775 crannus
944 2726 974 2773 aa
996 2726 1060 2773 rea.
1082 2724 1176 2789 norog.
1195 2725 1244 2774 vu.

198 2798 243 2849 tin.
259 2815 315 2865 pag.
328 2800 353 2847 4.
372 2799 463 2847 illustr.
480 2799 570 2848 Femin.
586 2801 694 2849 Polimat.
745 2798 926 2848 Turneb.xviii.
937 2798 1038 2847 Advers.
1052 2800 1090 2846 16.
1110 2800 1200 2849 Banu.

200 2870 331 2922 Pallademi
342 2871 495 2937 Epigramma
505 2882 555 2920 cst:
780 2871 893 2934 Turrita]
912 2872 999 2919 Miram
1017 2888 1090 2937 prope
1108 2872 1178 2937 hujus
1195 2873 1246 2922 avis

230 2946 261 2997 Bi
277 2945 299 2996 δ’
316 2947 404 3006 dxcxv),
423 2948 464 2994 καὶ
481 2948 576 3012 φλωρὰ,
593 2948 633 2995 καὶ
652 2947 696 2996 οὐκ
746 2945 880 2994 castitatem
890 2962 940 2993 esse
951 2944 1033 2993 scribit
1045 2945 1153 2993 cillianus
1168 2946 1209 2995 lib.
1221 2964 1244 2994 x.

293 3019 391 3087 ᾄδουσα
402 3022 434 3070 τὰ
446 3025 574 3086 Σαπφοῦς,
746 3036 800 3085 cap.
811 3020 891 3067 xxxiv.
924 3021 962 3068 Dc
974 3019 1037 3068 Hist.
1050 3019 1154 3067 Animal.
1172 3021 1243 3069 Cror.

230 3096 281 3147 Kal
294 3098 405 3160 Περσεὺς
419 3094 504 3156 Ἰνδῆς
522 3095 628 3160 ἠρασατ’
638 3095 696 3146 Ἀν·
779 3096 819 3143 39.
838 3095 984 3159 Qucfucie]
1000 3094 1144 3159 Quaesucicr.
1153 3096 1244 3145 lllaaar.

293 3166 422 3234 δρομέδης.
747 3177 771 3216 et
782 3167 886 3216 Palatia.

199 3241 236 3291 Sic
247 3251 272 3291 et
282 3243 415 3291 Athenaeus
426 3243 471 3291 lib.
482 3243 499 3290 i.
512 3259 566 3308 cap.
581 3246 618 3292 la.
647 3243 696 3292 An·
779 3244 821 3291 48.
843 3243 913 3290 Verlm
922 3242 999 3305 joca]
1019 3243 1133 3301 Quidam,
1148 3247 1245 3293 membra

198 3314 460 3382 dromedcnaSappho
470 3317 576 3366 versibus
592 3326 697 3366 notatam
739 3320 801 3378 joco.
829 3316 870 3365 alii
888 3316 991 3372 codices.
1011 3321 1077 3367 uerbo
1099 3320 1154 3366 luco.
1181 3320 1243 3384 quod

198 3389 285 3440 scribit.
303 3391 454 3439 intercutem
472 3391 564 3456 puellas
578 3408 593 3439 a
603 3392 698 3457 Sappho
747 3392 845 3442 damnat
856 3394 961 3442 Gronov.
978 3393 1014 3441 iii.
1026 3395 1087 3442 ons.
1104 3397 1144 3443 21.
1164 3404 1246 3443 contra

197 3464 370 3512 maurelium
382 3464 502 3512 Maximus
512 3464 596 3529 Tyrius
607 3467 696 3514 Andro-
747 3466 898 3516 salmasium.
916 3471 1047 3531 cobujucis
1054 3472 1147 3518 Sarrav.
1155 3480 1179 3519 et
1190 3472 1245 3518 Lin-

197 3539 275 3585 uudm
291 3537 412 3601 quandam
429 3546 543 3585 recenset.
561 3548 586 3586 ut
604 3546 629 3586 ct
647 3539 698 3604 ipsa
747 3542 794 3589 col.
807 3545 872 3591 uerba
883 3560 936 3592 sorio
947 3543 1055 3592 Francof.
1067 3544 1108 3593 scd
1126 3544 1183 3593 nihil
1195 3562 1243 3593 mo-

196 3609 291 3676 Sappho
307 3611 332 3658 in
344 3612 475 3674 fragmento
487 3613 550 3677 apud
562 3613 630 3662 Fulv.
643 3614 697 3662 Urs.
747 3616 860 3665 rendum.
880 3621 950 3679 jocus
970 3627 1006 3666 est
1027 3635 1087 3683 opus
1108 3619 1201 3667 amoris.
1220 3619 1245 3665 ii.

196 3698 221 3748 p.
233 3685 321 3733 inubi
331 3685 423 3734 videtur
431 3685 581 3734 aemulationc
590 3688 697 3744 accendi,
747 3690 801 3738 Art.
812 3691 868 3738 Am.
878 3692 935 3738 724.

197 3757 562 3821 quotlAtthisinAndromeden
574 3760 697 3824 proclivior
780 3763 812 3810 Et
830 3766 907 3811 ‹lulces
933 3768 1036 3827 gemitur,
1062 3774 1159 3825 aptaque
1178 3765 1244 3809 cerba

197 3841 267 3882 met.
285 3833 377 3881 Hcrss.
804 3842 867 3899 joco.

227 3907 270 3956 38.
295 3908 428 3972 Avarici]
458 3909 588 3956 Psittacum
608 3909 696 3958 intelli·
748 3912 780 3959 iv.
793 3912 857 3960 Fast.
868 3913 926 3960 868.

196 3980 266 4043 gebat
277 3988 330 4046 post
347 3982 520 4031 Bcrumaunum
536 3983 656 4040 Francius,
667 4001 696 4033 ex
781 3987 868 4034 Pascite
889 3987 1019 4041 blanditias,
1039 3987 1152 4047 dignaque
1179 3984 1245 4030 acrba

196 4052 279 4105 Amor.
290 4054 316 4104 ii.
327 4057 353 4104 6.
804 4062 867 4119 joco.
885 4060 975 4105 Buram.

230 4128 268 4178 Tu
286 4132 478 4192 mercaturam
497 4133 576 4191 peririis
594 4132 697 4179 hebetare
780 4132 821 4179 sl.
840 4131 969 4192 Sicelides]
991 4128 1081 4193 Regius
1096 4128 1170 4177 codex
1185 4130 1243 4178 Sici:

261 4206 399 4268 smaragdos.
749 4204 811 4257 lida,
822 4212 845 4251 et
856 4218 910 4249 mox
921 4202 1004 4251 Sicilia.
1023 4201 1086 4267 quod
1097 4219 1144 4252 non
1157 4212 1244 4255 temere
