2896 4980
472 307 697 374 AMORUM.
745 306 835 373 Llll.
862 306 912 372 11.
936 309 987 372 17.
1177 304 1242 370 387

197 487 372 562 Creditur
388 491 426 556 et
446 480 638 580 Nympha,
653 483 819 556 mortalis
838 505 975 568 amore,
988 479 1169 578 Calypso,
1196 483 1239 550 15

242 604 380 700 Capta,
400 600 646 673 reluctantem
665 600 873 672 detinuisse
891 599 1022 671 virum.

195 719 370 795 Creditur
388 738 601 812 aequoream
618 713 759 787 Phthio
778 712 944 786 Nereida
962 712 1072 807 Regi,

241 833 418 932 Egeriam
432 833 537 927 justo
555 829 806 903 concubuisse
826 827 980 914 Numae3

194 951 361 1026 Volcano
379 946 584 1022 Venerem:
614 944 797 1042 quamvis,
817 943 953 1016 incude
971 942 1115 1026 relicta,

238 1065 418 1163 Turpiter
434 1062 589 1157 obliquo
606 1060 793 1134 claudicet
810 1059 872 1132 ille
889 1058 999 1156 pede.
1191 1063 1240 1129 20

197 1180 383 1258 Carminis
401 1180 472 1252 hoc
490 1178 614 1275 ipsum
628 1199 747 1271 genus
761 1175 902 1271 impar:
931 1175 999 1247 sed
1014 1185 1139 1247 tamen
1155 1182 1241 1269 apte

242 1297 265 1370 J
270 1297 421 1394 ungitur
437 1294 574 1367 herdus
592 1315 678 1365 curn
696 1290 865 1364 breviore
879 1290 1003 1363 modo.

197 1413 252 1487 'l'u
271 1433 424 1511 quoque
443 1433 516 1494 me,
535 1430 621 1481 mea
634 1406 713 1492 lux,
728 1407 767 1478 in
781 1406 971 1503 quaslibet
980 1407 1111 1504 accipe
1124 1405 1239 1500 leges.

246 1527 300 1602 'l'e
317 1529 453 1602 deceat
469 1523 593 1599 medio
607 1525 694 1620 jura
710 1523 862 1597 dedisse
880 1535 973 1598 toro.

201 1644 283 1719 Non
300 1643 369 1718 tibi
388 1641 531 1716 crimen
549 1664 625 1724 ero,
646 1664 716 1714 nec
735 1663 811 1735 quo
829 1639 956 1713 laetere
974 1651 1128 1713 remoto.
1195 1642 1243 1710 25

248 1760 335 1836 Non
352 1759 423 1834 erit
439 1759 499 1833 hic
517 1757 626 1831 nobis
645 1756 867 1830 inficiandus
886 1779 1001 1829 amor.

201 1878 283 1952 Sint
298 1877 367 1952 tibi
386 1898 453 1974 pro
471 1898 607 1971 magno
624 1871 748 1947 felicia
765 1872 931 1947 carmina
947 1894 1083 1946 censu:

249 1993 297 2069 Et
308 1992 437 2067 multae
454 2015 522 2089 per
539 2015 600 2065 me
618 2014 755 2065 nomen
772 1992 912 2065 habere
930 1990 1071 2064 volunt.

205 2108 294 2185 Novi
313 2110 492 2211 aliquam,
511 2131 597 2206 quae
616 2130 657 2180 se
674 2106 912 2182 circumferat
923 2131 1007 2181 esse
1027 2105 1243 2179 Corinnam.

252 2227 304 2301 Ut
319 2226 398 2311 liat,
416 2223 507 2323 quid
526 2246 601 2297 non
619 2223 682 2298 illa
699 2226 850 2301 dedisse
867 2224 978 2300 velit?
1197 2228 1246 2295 30

235 2443 272 2493 18.
282 2438 528 2509 aguraajuooae]
538 2440 628 2506 Specus
633 2439 695 2505 Ege·
746 2450 810 2491 torus
819 2441 864 2507 ipsi
875 2441 944 2505 quasi
954 2439 1059 2495 thronus,
1075 2447 1117 2487 aut
1133 2436 1246 2493 tribunal,

204 2516 251 2574 ris,
260 2534 306 2583 quo
314 2516 396 2565 Numa
405 2514 436 2563 ad
447 2521 634 2563 nocturnnseurn
642 2514 697 2564 Dea
746 2533 759 2566 e
771 2532 819 2583 quo
826 2516 867 2582 jus
877 2514 952 2563 dicat.

204 2586 696 2656 ungimusetmerdotendsacrifican-
779 2593 821 2641 25.
834 2590 884 2639 Nee
900 2607 944 2654 quo
961 2588 1041 2637 ludere
1058 2586 1162 2649 remota]
1185 2586 1248 2645 lluic

206 2662 257 2713 durs
266 2664 325 2715 Dee
335 2662 391 2713 adei
409 2661 563 2718 ventitabant,
577 2670 697 2727 spectatur
746 2665 826 2715 sensui
836 2664 954 2714 coherere
965 2660 1125 2713 videtnrillud
1134 2662 1249 2726 superins,

205 2738 277 2788 adhue
293 2740 318 2790 in
335 2737 398 2789 salle
414 2736 508 2803 Fageria,
526 2752 573 2786 non
590 2737 697 2803 procula
749 2739 1056 2806 lnpumlihetneeipelegss.
1090 2736 1153 2784 Nam
1162 2734 1248 2799 puellrn

206 2810 697 2876 cuoecmadts.130rricn.nntiq.urb.
748 2815 892 2880 quandoque
912 2822 1005 2863 veteres
1031 2818 1147 2860 amatores
1170 2810 1251 2858 exclu-

205 2889 371 2939 (ΛΜΗ.
403 2886 493 2935 Affl-
747 2891 808 2941 dunt
824 2890 854 2939 ad
870 2899 975 2955 ternpus,
992 2895 1020 2937 nt
1036 2886 1149 2953 potiorem
1166 2883 1251 2933 admit·

237 2960 338 3027 llorere]
366 2960 463 3011 Scilicet
489 2959 548 3025 regi.
582 2960 698 3026 Loquitur
748 2975 808 3025 tant,
825 2964 849 3015 id
868 2972 905 3015 est
923 2962 1058 3025 largiorem.
1078 2959 1143 3026 quod
1164 2960 1252 3025 priores

206 3034 265 3085 essim
284 3037 350 3087 ΝΜ
371 3044 398 3086 ῑΙῑ
418 3034 548 3085 limm-
587 3034 635 3085 Sed
655 3053 696 3086 ve·
747 3034 1249 3101 musunontaciteequosninotemnn

206 3111 407 3161 teremlectinnem
415 3110 491 3174 inagis
501 3111 613 3176 approbo,
623 3120 650 3159 ut
661 3112 696 3161 le·
747 3126 773 3166 et
792 3131 856 3182 saepe
878 3128 976 3163 numero
995 3111 1124 3160 insolenter
1141 3110 1250 3162 obstant:

206 3192 270 3247 gatus
288 3185 362 3235 Justo.
381 3200 436 3234 mm
452 3184 607 3250 justissimum
625 3186 696 3237 luisse
748 3191 812 3242 unde
828 3189 917 3256 puellis
933 3197 958 3238 et
976 3187 1089 3236 damnum
1105 3193 1130 3234 et
1147 3185 1252 3234 dedecus

207 3256 304 3309 h'unrarn
320 3266 424 3311 constet:
441 3267 469 3307 ut
482 3273 529 3307 non
546 3260 662 3310 immerito
676 3262 699 3312 ei
748 3266 848 3333 paritur.
874 3265 905 3314 Se
923 3262 996 3314 talem
1018 3261 1066 3313 lore
1085 3268 1158 3325 negat
1177 3260 1252 3311 Naso.

208 3330 276 3385 Pedte
288 3334 347 3402 iusti
362 3333 482 3400 epitheton
501 3334 603 3384 dederit.
630 3336 699 3388 Dixit
750 3341 790 3408 qui
803 3340 862 3392 alibi
872 3340 944 3391 etiam
957 3338 1003 3388 ait:

208 3406 266 3457 tuln
280 3408 360 3459 livius
371 3407 432 3458 libro
447 3408 521 3474 primo
532 3411 562 3459 ab
573 3411 632 3461 urbe
643 3427 698 3461 cun·
782 3416 843 3481 Seps
844 3417 923 3484 srunr
932 3412 1209 3476 domine,teperepulsat
1218 3413 1252 3469 ed,

208 3478 280 3533 din?
296 3483 390 3551 inclyta
409 3485 506 3547 justitie
527 3488 650 3552 religioque
672 3506 699 3537 en
1102 3486 1219 3535 Maurus.

207 3558 418 3622 WNM
430 3556 535 3623 Pompilii
545 3572 605 3610 eret.
630 3561 695 3613 Curi·
782 3568 825 3618 27.
841 3567 900 3616 Sunt
909 3565 991 3631 anthe]
1018 3563 1076 3613 Tres
1097 3560 1187 3627 scripsi,
1207 3564 1254 3609 sint

209 3630 699 3697 Mfflfflfflllfflstmsslffitlmmtir,
751 3645 801 3701 tili,
820 3642 884 3709 quod
904 3642 1041 3709 amplector.
1061 3637 1109 3687 duo
1130 3635 1180 3693 ulii,
1200 3649 1254 3684 sune

209 3714 235 3755 st
250 3710 274 3757 ts
286 3710 329 3758 s'lls
349 3710 441 3775 quisque
457 3718 583 3761 stateem
600 3722 700 3776 poterat,
752 3720 801 3776 tili,
815 3733 884 3774 unus,
899 3719 945 3766 sint
960 3716 1023 3764 anili.
1043 3713 1176 3761 Humerus.
1198 3710 1253 3761 Non

203 3786 353 3835 misdiriai
363 3785 611 3851 stpetehumnm'juris.
636 3789 700 3842 llinc
750 3792 842 3861 cepisse
858 3808 953 3844 sensum
970 3785 1142 3839 emendationis
1158 3783 1253 3832 Heinsi-

203 3856 246 3919 (ιι
254 3856 391 3910 Plutarchus
406 3857 453 3923 eit)
469 3858 590 3912 honestius
606 3880 700 3916 consor.
752 3885 804 3919 ano
816 3866 910 3919 videtur
921 3861 1099 3930 Crispinuquui
1110 3856 1255 3915 est‚valeant

203 3928 264 3982 tien
281 3932 423 4001 degustavit,
444 3932 597 4003 divinumque
617 3941 700 4007 conju·
751 3943 817 4011 apud
838 3952 862 3991 te
881 3940 987 3991 carmina
1007 3936 1086 3985 felicia
1104 3935 1156 3982 loco
1175 3933 1254 3995 magni

208 4004 371 4071 nummis.
393 4011 507 4059 liranus.
751 4036 846 4075 emus,
866 4017 917 4066 haec
939 4025 965 4064 tu
986 4011 1060 4080 pluris
1080 4010 1162 4065 luciae,
1183 4024 1254 4073 quam

237 4082 427 4136 umnelin
442 4086 535 4150 media]
564 4088 595 4137 Te
610 4091 702 4142 deeete
752 4110 851 4145 munera
869 4100 893 4142 et
910 4089 1013 4144 divitias.
1029 4085 1116 4152 quibus
1134 4083 1174 4133 alii
1190 4098 1254 4133 arna·

205 4158 275 4207 setta
290 4158 443 4211 lurnesianus
461 4168 485 4209 et
501 4160 609 4214 Francos.
629 4176 654 4215 ut
672 4168 702 4216 sit
754 4183 816 4220 tores
826 4168 919 4236 puellas
929 4181 985 4215 snas
996 4163 1094 4213 iaciunt.

846 4250 917 4299 Cel
