2896 4980
179 324 246 389 au
477 321 515 385 P.
538 318 701 387 0erss
725 316 939 387 NASONIS

185 496 362 571 Vestrum
380 495 522 569 crimen
538 495 610 569 erit
626 493 710 567 talis
723 493 874 588 jactura
890 490 1039 590 puellm,
1179 494 1226 563 36

236 611 496 708 Nereidesque
515 610 621 695 Deae,
642 607 925 705 Nereidumque
941 617 1063 704 pater.

184 726 290 802 Vade
307 751 450 801 memor
467 727 596 811 nostri,
614 736 725 800 vento
743 725 908 799 reditura
923 723 1114 811 secundm

236 843 399 941 Impleat
414 843 479 916 illa
494 852 579 916 tuos
596 841 723 915 fortior
740 864 832 913 aura
848 839 965 913 sinus.

184 957 282 1032 Tum
300 960 454 1033 marein
470 959 552 1032 haec
562 982 720 1054 magnus
737 957 922 1056 proclinet
938 956 1050 1029 litora
1060 954 1225 1029 Nereus:

235 1074 321 1149 Huc
339 1076 438 1149 venti
458 1076 616 1173 spirent:
646 1077 719 1149 huc
735 1084 823 1169 agat
839 1084 954 1147 aestus
970 1095 1105 1170 aquas.
1179 1072 1227 1141 to

186 1188 277 1289 Ipsa
293 1215 415 1287 roges,
434 1190 597 1288 Zephyri
615 1190 765 1263 veniant
780 1189 817 1261 in
834 1188 951 1272 lintea
966 1188 1092 1286 pleni:

236 1307 326 1405 Ipsa
342 1308 409 1381 tud
428 1330 578 1381 moveas
596 1307 745 1402 turgida
761 1306 845 1378 vela
858 1328 985 1377 manu.

186 1419 335 1495 Primus
349 1432 424 1518 'ego
443 1422 649 1521 adspiciam
668 1432 794 1495 notam
812 1420 862 1493 de
878 1420 986 1493 litore
1003 1417 1154 1517 pinum;

236 1535 286 1610 Et
303 1537 439 1623 dicam,
459 1537 619 1610 Nostros
637 1536 789 1610 advehit
806 1535 871 1608 illa
888 1534 1012 1609 Deos:

187 1651 461 1751 Excipiamque
475 1654 652 1738 humeris
664 1663 703 1726 et
713 1652 833 1726 multa
845 1651 925 1725 sine
937 1650 1069 1725 ordine
1079 1670 1223 1747 carpam

236 1767 390 1842 Oscula.
417 1792 485 1867 pro
502 1768 624 1842 reditu
641 1768 793 1841 victima
809 1778 897 1841 vota
911 1767 1036 1841 cadet.
1179 1765 1225 1835 46

187 1879 310 1979 Inque
326 1884 397 1957 tori
414 1883 571 1957 sormam
589 1885 720 1958 molles
738 1894 951 1958 sternentur
968 1905 1114 1957 arenoe:

236 1995 287 2070 Et
302 2000 469 2073 tumulus
486 2026 627 2074 mensae
645 2000 805 2097 quilibet
822 2000 938 2073 instar
955 1999 1038 2072 erit.

186 2111 267 2185 Illic
286 2113 457 2212 adposito
475 2117 641 2190 narrabis
659 2116 778 2188 multa
795 2114 923 2212 Lyaeo,

238 2227 342 2301 Pene
360 2230 409 2302 sit
427 2242 469 2303 ut
485 2230 618 2304 mediis
636 2232 771 2303 obruta
787 2230 892 2304 navis
909 2229 1039 2326 aquis:
1180 2228 1223 2299 50

187 2343 366 2440 Dumque
381 2347 429 2419 ad
444 2370 504 2420 me
519 2370 709 2445 properas,
724 2369 794 2419 nec
810 2345 947 2443 iniquae
958 2353 1133 2443 tempora
1143 2364 1222 2417 noc·

236 2457 273 2531 N
275 2484 319 2533 ee
337 2469 375 2534 te
392 2462 606 2560 praecipites
625 2463 845 2536 extimuisse
865 2461 999 2535 Notos.
1151 2457 1222 2556 [tis

102 2608 132 2653 ,ετ
188 2575 327 2649 Omnia
343 2600 411 2674 pro
428 2579 524 2651 veris
543 2579 706 2664 credam,
727 2578 802 2650 sint
818 2578 907 2651 ficta
921 2576 1064 2650 licebit.

235 2690 315 2763 Cur
331 2716 402 2789 ego
419 2718 493 2767 non
511 2694 606 2767 votis
624 2693 794 2767 blandiar
810 2694 893 2792 ipse
909 2692 1031 2765 meis?

185 2804 279 2879 Haec
297 2808 388 2880 mihi
406 2810 684 2907 quamprimum
702 2811 797 2883 coelo
816 2809 1062 2883 nitidissimus
1080 2808 1156 2883 alto
1180 2806 1224 2881 55

237 2922 385 2996 Lucifer
402 2925 566 2998 admisso
584 2937 752 3022 tempora
770 2936 894 3022 portet
911 2948 1023 3021 equo.

218 3139 258 3185 42.
275 3137 382 3200 Ipaatat
397 3141 506 3204 manaa]
526 3140 686 3204 Rectaipsa:
735 3139 1028 3188 turvactorecinterram.
1061 3138 1153 3189 Hm.

185 3225 240 3258 narn
268 3221 292 3260 et
312 3221 418 3261 vectaret
437 3214 566 3278 aliquando
588 3213 684 3263 nmtica
767 3214 846 3261 Malta
860 3216 909 3261 sina
920 3214 999 3260 ardiae
1014 3228 1111 3274 carpana
1127 3210 1221 3274 oeta]

186 3286 319 3334 mabam
341 3301 417 3335 uma.
438 3287 487 3336 vid.
514 3288 634 3337 Passerat.
652 3290 683 3337 ad
736 3288 834 3349 Carpere
850 3287 925 3335 ascula
944 3300 1064 3349 nunqnam
1079 3284 1224 3337 ‹litimon-

186 3356 293 3421 Propert.
305 3357 339 3406 iii.
348 3359 416 3423 Eleg.
428 3360 460 3408 vi.
472 3377 527 3425 pag.
539 3363 594 3410 445.
733 3361 800 3410 dium
810 3362 911 3410 affirmat
923 3359 1009 3408 Heins-
1022 3359 1127 3426 ideoque
1139 3376 1222 3414 Μ

218 3431 260 3479 lt.
279 3430 440 3495 Excipiamque
457 3434 575 3497 lamara]
599 3434 685 3483 Melior
733 3449 788 3482 cum
806 3433 1062 3490 Sarrariano‚dmbu
1072 3434 1223 3493 Palatium

185 3503 256 3552 lectio
277 3506 302 3552 in
323 3504 405 3553 iisdem
431 3506 504 3564 libris,
525 3509 685 3571 Excipiamque
733 3507 1043 3572 quatuor'aliis,legcndum
1053 3508 1222 3575 reclinam·

185 3580 258 3627 alala.
298 3579 436 3629 Cromnos.
482 3582 550 3630 Ulnir
567 3582 685 3650 Facerpta
733 3583 776 3631 ait.
808 3582 919 3633 Catullus
944 3592 1033 3639 tamem
1054 3584 1136 3634 Carm-
1155 3579 1220 3633 laad.

185 3653 263 3702 Jureti
278 3662 303 3702 et
319 3654 420 3702 Puteani
435 3670 489 3703 cum
506 3655 587 3704 codice
604 3657 684 3705 Sarra·
736 3656 789 3704 127.
800 3656 962 3713 deCalumbo,
973 3655 1022 3705 ait:

186 3726 290 3776 vianoet
301 3743 342 3776 sex
354 3726 415 3776 aliia.
448 3728 495 3777 Sed
505 3729 602 3793 vulgata
611 3729 683 3793 respi-
975 3733 980 3744 ’

186 3803 219 3850 cit
231 3803 262 3851 ad
279 3802 349 3850 ritnm
367 3801 442 3859 illum,
454 3819 501 3868 quo
512 3820 525 3852 e
536 3804 590 3851 nari
601 3801 684 3852 alienia
798 3815 877 3854 rastro.

187 3877 289 3926 humeris
299 3893 341 3942 per
351 3877 438 3945 primas
454 3878 530 3927 undas
544 3877 682 3926 defereban-
