2896 4980
195 311 262 377 210
488 306 527 371 P.
551 305 712 371 OVlDlI
736 302 948 370 NASONIS

150 498 154 511 '
200 483 311 569 Quod
324 482 458 581 rapuit,
469 482 598 557 laudo:
618 481 742 566 miror,
755 480 857 578 quod
868 478 1032 553 reddidit
1042 502 1231 578 umquam.

249 600 344 675 Tam
361 602 460 674 bona
476 609 690 673 constanter
707 598 835 696 praeda
851 596 1015 671 tenenda
1030 595 1112 671 fuit.

200 716 299 790 Ante
317 717 535 790 recessisset
552 724 667 812 caput
684 715 754 787 hoc
773 716 918 788 cervice
936 722 1104 799 cruenta,

251 832 373 916 Quam
391 843 432 906 tu
450 833 499 906 de
516 832 689 906 thalamis
706 832 962 905 abstraherere
980 831 1088 904 meis.

200 949 303 1023 Tene
313 973 444 1021 manus
459 972 637 1046 umquam
648 960 783 1023 nostrae
793 949 980 1023 dimittere
990 945 1149 1021 vellentt
1168 948 1233 1019 155

249 1064 353 1139 Tene
370 1090 454 1139 meo
472 1077 620 1163 paterer
635 1065 740 1137 vivus
758 1065 861 1138 abire
879 1063 989 1137 sinu?

201 1180 242 1254 Si
260 1181 452 1255 reddenda
467 1180 578 1266 soree,
598 1180 739 1277 aliquid
757 1192 882 1254 tamen
901 1190 987 1253 ante
1003 1179 1195 1252 tulissem:

251 1297 286 1370 N
290 1322 333 1370 ec
352 1297 482 1370 Venus
499 1322 548 1369 ex
565 1307 645 1370 toto
664 1306 791 1369 nostra
807 1296 939 1369 luisset
956 1296 1068 1368 iners.

199 1411 271 1487 Vel
288 1412 379 1485 mihi
396 1412 587 1509 virginitas
605 1421 707 1484 esset
723 1412 859 1500 libata;
886 1412 945 1484 vel
963 1410 1068 1493 illud,

251 1529 363 1612 Quod
382 1541 528 1627 poterat
546 1530 648 1602 salva
659 1529 870 1623 virginitate
888 1527 981 1626 rapi.
1170 1526 1234 1599 160

202 1645 264 1718 Da
280 1646 391 1719 modo
409 1654 469 1733 te;
500 1671 585 1743 quae
603 1647 652 1719 sit
671 1645 799 1720 Paridi
817 1644 1039 1729 constantia,
1059 1665 1203 1716 nosces.

253 1760 422 1835 Flamma
439 1764 518 1858 rogi
537 1764 708 1837 flammas
724 1764 829 1837 finiet
846 1786 921 1835 una
937 1784 1054 1833 meas.

201 1876 396 1976 Praeposui
415 1879 538 1973 regnis
557 1903 627 1973 ego
645 1891 703 1967 te;
734 1903 818 1976 quae
837 1877 1001 1950 maxima
1018 1874 1206 1972 quondam

252 1991 427 2067 Pollicita
443 2006 502 2067 est
520 1996 627 2068 nobis
646 2007 763 2094 nupta
780 2017 960 2090 sororque
977 1990 1096 2064 Jovis.

203 2107 381 2204 Dumque
392 2119 457 2182 tuo
468 2132 617 2207 possem
629 2110 860 2184 circumdare
874 2108 1027 2183 brachia
1039 2107 1149 2193 collo,
1169 2106 1232 2179 16⁶

253 2224 456 2299 Contemta
473 2236 532 2298 est
547 2227 676 2313 virtuS,
696 2226 853 2300 Pallade
870 2226 996 2310 dante,
1016 2222 1120 2295 mihi.

203 2339 286 2414 Nec
304 2340 430 2439 piget3
460 2352 527 2414 aut
544 2366 724 2439 umquam
743 2343 856 2415 stulte
873 2341 1012 2437 legisse
1029 2338 1199 2412 videbor:

252 2456 456 2532 Permanet
473 2459 511 2531 in
528 2472 613 2534 voto
633 2485 738 2534 mens
757 2482 841 2532 mea
857 2457 964 2530 firma
981 2478 1062 2528 suo.

200 2728 358 2794 Etunguento
369 2734 449 2787 nitere.
461 2730 545 2781 Cicero
558 2731 584 2781 ii.
596 2733 696 2783 Catilio.
781 2733 837 2781 166.
856 2728 1022 2792 mutemus]
1041 2727 1071 2776 In
1085 2724 1236 2777 codicellu-

200 2802 226 2851 3.
244 2811 271 2851 ut
287 2807 358 2854 nitidi
373 2808 461 2867 capilli,
472 2807 536 2870 apud
556 2807 641 2856 Horat.
653 2810 698 2874 Ep.
748 2820 781 2853 ue
793 2806 935 2869 sequebatur
945 2801 1132 2852 distichonboc:

200 2875 299 2925 xivffi.
309 2886 334 2925 et
344 2881 449 2927 nitentes.
468 2878 492 2927 ii.
502 2879 551 2928 oo.
561 2880 602 2929 vii.
613 2882 638 2930 6.
668 2883 698 2930 Et
781 2879 904 2941 Primaque
921 2892 974 2924 cum
990 2892 1097 2941 regnu-⁸.
1114 2875 1167 2923 talu
1178 2874 1236 2923 Μ

201 2949 235 2998 ita
262 2950 341 2999 Greci
367 2954 478 3016 λιπαρὸν
505 2964 626 3020 usurpant.
647 2953 698 3004 vid.
844 2950 1027 3005 alterutnum»

201 3023 290 3089 Spauh.
312 3025 342 3073 nd
362 3025 426 3074 Call.
449 3026 523 3091 Hym.
550 3027 633 3093 Apoll.
656 3030 698 3078 ³9.
815 3021 1239 3089 Terttmcmp'ugitloudaesnmtndt.

202 3097 291 3146 Boua.
785 3101 843 3148 167.
858 3100 933 3147 Stulte
954 3101 1044 3162 elegiae
1064 3096 1177 3160 unaue]
1196 3094 1237 3144 Ia·

236 3172 293 3219 153.
309 3172 461 3236 necatam]
475 3173 636 3224 Imitationem
646 3190 698 3224 ease
747 3178 805 3239 gimo
815 3174 950 3222 Putemeus
964 3182 988 3220 et
999 3172 1105 3237 quinque
1115 3170 1166 3219 ulii.
1181 3166 1239 3235 qud

202 3241 266 3291 illius
275 3244 431 3308 Propertiani,
444 3245 471 3294 ii.
483 3246 516 3294 vi.
530 3249 554 3296 7.
750 3264 842 3297 versum
852 3248 934 3311 utique
945 3245 1075 3294 molliorem
1082 3252 1186 3312 prastat.
1200 3242 1239 3293 lae·

236 3316 375 3365 Nomcitim
383 3329 554 3383 paterereuput
573 3322 612 3370 boc
629 3324 698 3371 anea
748 3339 810 3386 gere,
827 3337 868 3387 pro
885 3319 983 3385 eligere.
999 3319 1097 3384 fatebor
1112 3318 1185 3369 etim
1198 3326 1242 3367 tm

267 3392 320 3438 dm
331 3392 395 3447 mtto,
750 3394 859 3443 codices:

202 3462 293 3511 notavit
303 3464 395 3512 Douza.
784 3468 842 3516 Cam
856 3467 938 3524 Vanus,
954 3476 977 3515 ot
991 3465 1065 3524 June,
1082 3465 1204 3531 Pallam
1217 3467 1240 3513 ln

237 3537 293 3586 157.
311 3537 500 3603 Antetulisoem]
514 3538 700 3591 Inde01onien·
847 3544 944 3590 rullibtu
954 3540 1002 3589 111ae

202 3609 243 3659 sin.
261 3618 370 3660 venuste.
388 3622 415 3661 ut
426 3612 503 3677 Epist.
514 3629 566 3678 seq.
577 3614 619 3664 25.
816 3615 1012 3678 corporajuuicio
1020 3626 1214 3677 mmmm

236 3684 398 3735 Nontomene
400 3688 469 3750 facto
471 3688 582 3752 smctum
594 3688 648 3737 tulit
658 3689 700 3736 uo
750 3688 802 3736 Hoc
823 3686 942 3736 distichon
964 3702 979 3736 ι
1001 3687 1126 3736 Puteaneo
1145 3684 1240 3750 unqu

264 3764 373 3822 petitura.
576 3762 666 3811 Bunrr.
749 3760 886 3810 melioribus
895 3763 974 3810 abest.
991 3760 1241 3826 Inquomudmut·

237 3835 293 3882 164.
312 3835 420 3883 Pollicita
435 3844 467 3883 est
482 3836 566 3898 nebu]
587 3836 700 3885 Pollicita
749 3836 804 3900 gine
818 3851 890 3885 manu
908 3835 1034 3884 meentiori
1052 3835 1195 3901 ιᾱκιίμιιι
1208 3830 1240 3882 lt·

201 3910 271 3958 nobis.
287 3909 432 3959 Putctneus.
458 3908 590 3959 Humerus.
624 3910 697 3959 Fran·
748 3912 821 3975 gitur.
843 3908 891 3959 Sed
902 3907 1035 3959 tollendum
1045 3917 1091 3960 est.
1110 3904 1239 3959 cunni!

202 3983 253 4031 cim
274 3982 342 4039 illud,
365 3984 426 4032 nobis
447 3994 529 4045 nupta,
555 3983 699 4048 κακόφωνιν
745 3984 863 4049 judicium
892 3998 961 4034 suum
987 3981 1116 4033 luculentis
1140 3980 1240 4033 tetih·

202 4058 324 4113 censebat,
341 4066 365 4105 et
380 4057 434 4106 ideo
452 4057 603 4123 conjiciebat,
620 4061 699 4123 mgni
747 4059 820 4126 paulo
831 4068 886 4107 note
903 4058 998 4125 mpioae
1015 4055 1168 4113 meent.
1184 4048 1238 4120 quil

202 4141 274 4191 raupta
284 4148 387 4195 sororque
396 4132 467 4182 luris.
747 4149 807 4197 opus
821 4132 928 4199 ejusdem
942 4132 977 4183 rei
997 4132 1077 4184 datto
1094 4126 1239 4183 militi
