2896 4980
275 332 341 396 304
495 394 501 405 ,
571 328 610 392 Ρ.
635 325 795 392 OVIDII
820 324 1033 393 NASONIS

631 600 858 675 ELEGIA
900 599 969 673 lv,

283 731 349 804 Vir
364 743 451 805 tuus
468 741 528 804 est
553 732 685 828 epulas
702 731 810 805 nobis
826 731 995 805 aditurus
1013 731 1176 806 eusdem.

334 848 476 922 Ultima
493 871 601 921 coeua
617 859 683 922 tuo
700 847 762 936 sit,
780 871 925 945 precor,
944 848 1008 921 illa
1023 847 1114 921 viro.

286 964 385 1061 Ergo
402 988 474 1060 ego
490 964 667 1037 dilectam
685 972 832 1038 tantum
849 962 1005 1037 conviva
1022 964 1185 1061 puellam

332 1080 577 1177 Adspiciaml
602 1078 706 1175 tangi
724 1102 839 1175 quem
852 1080 970 1175 juvet,
989 1079 1084 1153 alter
1100 1078 1195 1155 erit?

284 1196 526 1292 Alteriusque
544 1196 647 1268 sinus
665 1208 753 1293 apte
770 1196 943 1293 subjectu
959 1194 1129 1270 fovebis?
1282 1190 1300 1261 5

335 1311 484 1410 lnjiciet
500 1311 609 1396 collo,
628 1326 714 1384 cum
732 1311 844 1397 volet,
864 1311 926 1384 ille
943 1311 1135 1384 manum?-

283 1427 427 1503 Desine
444 1428 581 1513 mirari,
601 1428 723 1525 posito
741 1429 844 1525 quod
862 1428 1023 1502 candida
1039 1427 1127 1501 vino

332 1543 482 1618 Atracis
500 1542 696 1639 ambiguos
708 1542 823 1616 traxit
839 1543 878 1615 in
895 1566 998 1616 erma
1011 1544 1124 1615 viros.

286 1660 321 1733 N
325 1684 369 1734 ec
386 1658 478 1732 mihi
496 1660 588 1732 silva
605 1659 752 1744 domus,
771 1680 842 1731 nec
859 1682 958 1755 equo
975 1679 1060 1731 meu
1077 1655 1243 1730 membru
1254 1676 1304 1727 co

334 1776 409 1847 Vix
428 1799 451 1849 a
467 1785 504 1848 te
521 1776 650 1849 videor
667 1798 779 1873 posse
796 1786 925 1848 tenere
942 1796 1088 1847 manus.
1141 1772 1304 1868 [hoereutz

285 1889 381 1975 Quoe
397 1891 466 1964 tibi
479 1892 554 1965 sint
566 1891 738 1965 facienda
749 1903 887 1977 tamen,
902 1911 1108 1986 cognosce:
1130 1910 1200 1961 nec
1212 1882 1307 1959 Euris

337 2005 510 2092 Demea,
528 2029 597 2079 nec
615 2006 753 2104 tepidis
771 2007 885 2080 verba
901 2005 1057 2079 serenda
1075 2002 1199 2077 Notis.
1273 2004 1308 2073 lt

286 2120 385 2193 Ante
399 2121 497 2206 veui,
516 2145 630 2217 quam
648 2122 714 2194 vir.
742 2146 825 2207 nec,
840 2123 944 2219 quid,
962 2120 995 2194 si
1012 2119 1158 2194 veneris
1174 2128 1270 2203 ante,

335 2233 463 2308 Possit
480 2235 553 2331 agi,
571 2236 700 2309 video:
728 2238 796 2310 sed
813 2248 939 2310 tamen
956 2244 1044 2309 aute
1061 2232 1160 2309 veni.

286 2349 386 2423 Cum
404 2352 540 2450 premit
557 2351 618 2425 ille
636 2364 771 2439 torum,
790 2353 894 2425 vultu
911 2372 1039 2426 comes
1056 2350 1141 2449 ipsa
1156 2347 1311 2423 modesto

336 2466 429 2553 Ibis,
447 2479 490 2541 ut
507 2469 728 2557 adcumbas;
749 2471 846 2543 clam
864 2468 954 2542 mihi
971 2480 1086 2563 tange
1103 2464 1253 2564 pedem.
1275 2462 1311 2535 16

288 2581 353 2656 Me
371 2594 514 2682 spectu,
529 2596 719 2681 nutusque
737 2611 853 2671 meos,
869 2586 1091 2681 vultumque
1107 2583 1310 2681 loquacem:

338 2696 485 2797 Excipe
502 2698 667 2788 furtivas,
687 2712 726 2774 et
743 2701 837 2775 refer
856 2702 950 2800 ipsa,
969 2711 1090 2774 notas,

322 2884 344 2929 l.
363 2881 450 2943 Epulas
470 2885 583 2933 nobumrm
601 2887 708 2934 aditurus
734 2902 780 2933 cor·
864 2886 890 2931 u.
916 2882 1030 2946 Atracia]
1061 2882 1213 2948 Hippodame
1234 2874 1313 2929 duod·

286 2956 360 3019 doru]
381 2957 450 3003 Nolis
465 2960 573 3005 editurus
586 2961 672 3007 eusdem
692 2959 780 3007 Putea·
832 2958 897 3006 fluvii
914 2957 973 3015 ulia,
992 2972 1046 3022 que
1067 2956 1174 3005 Pirithoo
1192 2952 1277 3005 lxim’!
1288 2965 1311 2999 εἰ

287 3044 346 3077 neus
363 3038 388 3078 et
408 3031 586 3092 Meuteliunus3
602 3040 674 3088 recte,
691 3039 718 3080 ut
732 3032 781 3096 jam
832 3029 960 3079 Deidamia
975 3029 1024 3078 lilio
1042 3028 1132 3095 uupdt.
1154 3028 1210 3078 vide
1226 3028 1312 3077 uun·

287 3103 368 3151 monui
384 3103 415 3152 ud
428 3104 586 3154 Claudianum
600 3105 643 3153 lib.
662 3106 687 3155 ii.
704 3104 782 3154 laud.
831 3104 874 3153 lib.
887 3107 926 3153 12.
944 3105 987 3153 Est
999 3111 1080 3153 autem
1093 3101 1133 3152 hic
1142 3101 1237 3152 Ausus
1249 3106 1312 3167 μθ·

286 3175 342 3223 Stil.
363 3178 405 3225 30.
422 3178 463 3241 qui
482 3177 533 3243 puri
551 3178 689 3235 Gmcismo,
706 3182 783 3228 eadem
832 3178 962 3243 nymicum,
974 3187 1001 3227 ut
1009 3176 1137 3242 Tyndaris.

286 3251 366 3305 sorori,
378 3265 429 3314 pro,
447 3250 531 3298 eudem
549 3267 603 3315 qurc
623 3268 694 3309 soror,
712 3252 781 3301 dixit.
868 3253 906 3300 17.
928 3253 1063 3315 l'ultumque
1084 3248 1221 3315 loom-1
1241 3242 1312 3297 m!

288 3320 421 3371 Hmssrus.
454 3323 508 3371 Puri
524 3324 595 3372 modo
612 3334 636 3373 et
646 3325 709 3390 apud
719 3327 782 3374 Atti·
833 3329 925 3391 legere:

287 3408 344 3442 cos:
371 3397 469 3444 Ταυτὸν
486 3394 547 3460 τῷδε
563 3397 624 3447 tort.
661 3398 783 3465 Aristoph.
867 3400 906 3447 Me
918 3408 993 3462 specta
1008 3400 1129 3463 uultuque
1140 3404 1313 3455 mmm!

289 3467 356 3516 Plut.
368 3468 425 3515 Act.
436 3468 512 3517 ituc.
524 3469 539 3517 i.
550 3485 600 3518 ver.
613 3473 635 3517 l.
655 3470 688 3521 Ὦ
698 3474 783 3522 πολλὰ
897 3476 1007 3538 ὼφωοω.

288 3540 783 3612 δὴτῷδεσπόηταυτὸνθύμονφάγονπς.
833 3542 1234 3605 Quantumvisiuritirmembnuir·
1247 3540 1312 3589 ΗΙΙ·

289 3618 378 3667 Buuu.
411 3616 459 3665 Ubi
469 3617 519 3666 vid.
530 3619 633 3667 Bruncl.
834 3638 897 3670 sius.
931 3620 999 3670 Nihil
1020 3628 1096 3669 muto.
1113 3620 1193 3668 ouum
1211 3616 1272 3666 eui!
1287 3614 1312 3661 l*

321 3693 348 3740 5.
366 3691 425 3753 Apte
440 3692 540 3752 subjectu
549 3690 663 3755 fovebis]
681 3692 720 3741 Sic
734 3708 783 3743 me·
833 3714 900 3758 quos,
911 3693 998 3759 estqui
1016 3693 1051 3742 ita
1061 3692 1184 3750 formetur,
1199 3700 1226 3741 ut
1239 3686 1268 3739 sit
1279 3698 1312 3753 μ

288 3766 360 3815 liores
370 3773 512 3815 comtunter.
528 3763 578 3813 Alii
586 3782 672 3831 magno
679 3784 784 3825 nurnero,
834 3785 901 3818 uoce.
917 3769 970 3817 Art.
980 3768 1037 3816 Am.
1048 3767 1067 3815 i.
1076 3768 1136 3817 6⁷⁴.

288 3843 341 3888 sinu
355 3842 457 3889 deutrum
470 3842 579 3902 srrly'ectu.
596 3855 649 3903 quae
662 3840 720 3888 milri
735 3858 782 3905 prou
868 3844 928 3904 Saepe
944 3853 1019 3891 tacens
1036 3856 1108 3890 uocem
1123 3842 1232 3904 miraque
1247 3836 1312 3885 ull!

289 3913 374 3962 ceteris
385 3913 472 3979 placet.
484 3930 567 3963 sensus
577 3922 623 3967 est.
637 3922 661 3961 et
669 3914 783 3978 subjecta,
898 3918 970 3964 habet.
1298 3974 1303 3985 Ι

288 3988 341 4036 sinu
352 3996 393 4036 tuo
403 3989 492 4037 fovebis
503 3988 598 4037 alterius
608 3986 723 4036 dextram,
742 3988 783 4036 Ul·
835 3990 865 4037 lt
878 3989 912 4037 itu
922 3991 995 4037 occulos
1007 3988 1108 4050 bruscos
1117 3986 1238 4035 'libullum
1245 3983 1271 4033 ii.
1279 3978 1311 4027 ''¹-

288 4062 534 4125 cusopinorsubesse·
551 4062 642 4109 llus-s.
671 4062 784 4126 Egovul-
834 4066 875 4111 25.
893 4064 981 4112 dixisse
991 4061 1085 4111 Marius
1093 4060 1195 4111 nutrit.
1224 4060 1300 4109 um

288 4144 369 4197 getam
376 4145 438 4183 recte
445 4153 470 4184 se
479 4137 564 4184 haltere
574 4135 679 4183 arbitror.
697 4137 784 4184 Bruu.
