2896 4980
435 362 694 430 HEROIDES.
718 363 788 427 ΕΡ.
805 361 886 428 VII.
1138 366 1182 431 83

143 538 228 612 Non
246 542 372 614 tamen
386 539 542 624 AEnean,
563 538 734 636 quamvis
752 539 849 610 maie
867 529 1020 636 cogitat,
1039 539 1126 614 odi:

79 747 84 759 Ι
129 709 147 783 s
189 656 269 749 §ed
287 679 421 753 queror
438 655 606 741 infidum,
626 661 838 753 questaque
853 658 962 755 pejus
980 681 1077 731 amo.
1131 662 1180 732 30

17 772 47 825 ὓ»
64 796 91 830 τ’Λ
131 770 259 846 tParce
270 772 398 846 Venus
412 773 532 876 nurui,
547 774 758 870 durumque
776 775 1002 872 amplectere
1015 775 1178 861 fratrem,

191 888 318 962 Frater
335 888 470 962 Amor:
500 888 632 961 castris
651 889 784 963 militet
801 890 863 962 ille
880 891 967 964 tuis.

72 985 79 999 ⁶
140 1004 216 1076 Ant
229 1030 311 1101 ego,
325 1029 438 1102 quem
451 1004 549 1101 coepi
560 1007 700 1102 (neque
715 1007 814 1079 enim
827 1008 1025 1103 dedignor)
1036 1032 1177 1097 amare;

191 1120 389 1195 Materiam
407 1145 505 1193 curae
525 1121 692 1218 praebeat
708 1124 770 1197 ille
786 1149 892 1197 meae.

141 1237 282 1325 Faller3
312 1249 350 1311 et
368 1239 440 1310 ista
456 1237 546 1310 mihi
565 1238 657 1310 falso
670 1241 834 1334 jactatur
851 1240 987 1338 imago.
1131 1245 1178 1313 35

191 1353 325 1427 Matris
344 1355 391 1428 ab
410 1355 558 1451 ingenio
576 1355 733 1428 dissidet
750 1356 812 1429 ilie
830 1382 920 1430 suae.

140 1469 193 1542 Te
211 1472 318 1568 lapiS,
338 1482 377 1545 et
390 1461 551 1557 'montes
571 1472 773 1569 innataque
791 1473 945 1570 rupibus
963 1473 1047 1546 altis

192 1586 353 1673 Robora,
373 1599 411 1663 te
429 1611 535 1660 saevae
554 1611 786 1685 progenuere
804 1587 911 1662 ferae:
974 1591 976 1596 ’

140 1708 217 1782 Aut
233 1734 347 1795 mare,
363 1710 473 1807 quale
482 1709 587 1781 vides
600 1708 737 1805 agitari
754 1732 853 1780 nunc
873 1731 1022 1804 quoque
1038 1705 1176 1779 ventis:

189 1826 299 1909 Quod
316 1837 442 1900 tamen
460 1826 623 1900 adversis
642 1825 818 1898 fluctibus
836 1825 888 1897 ire
906 1848 1027 1922 paras.
1129 1825 1179 1894 40

140 1941 223 2025 Quo
234 1943 353 2039 fugis?
372 1945 496 2017 obstat
506 1944 643 2017 hiems:
664 1941 796 2015 hiemis
810 1941 900 2014 mibi
915 1940 1034 2037 gratia
1047 1938 1176 2036 prosit.

188 2058 366 2155 Adspice,
387 2068 428 2131 ut
444 2083 592 2131 eversas
611 2058 774 2130 concitet
792 2056 914 2130 Eurus
933 2080 1062 2152 aquas.

170 2356 228 2404 Sunt
237 2359 311 2421 igitar
324 2357 632 2420 blomnequenmuntiaar-
716 2359 789 2420 Atque
803 2374 851 2421 ego,
861 2374 909 2418 qua
923 2357 990 2418 copi:
1009 2371 1048 2402 nec
1063 2355 1122 2401 etaim
1137 2353 1177 2399 ds·

201 2433 243 2479 dm
255 2432 341 2492 Apollo.
747 2435 828 2495 dignor
838 2448 922 2480 umore.

139 2504 187 2553 Ubi
201 2505 226 2553 in
237 2506 308 2552 MSS.
326 2520 384 2569 quos
397 2504 509 2552 Heinsius
525 2505 633 2562 contulit,
683 2505 728 2554 lile
738 2505 832 2561 militet,
843 2504 884 2569 qui
895 2504 967 2551 durus
977 2512 1020 2554 eat.
1030 2510 1055 2549 et
1064 2515 1117 2562 ego,
1125 2515 1178 2564 quta

139 2581 226 2626 tardum.
254 2588 278 2627 et
298 2577 402 2644 praetuiit
427 2578 587 2628 Brouklrusius
609 2589 633 2627 et
679 2579 730 2642 jam
752 2580 814 2643 eoepi
836 2593 928 2626 amare:
956 2591 1032 2639 neque
1054 2573 1117 2622 enim
1137 2572 1178 2622 de·

138 2652 188 2700 aiii.
207 2653 295 2701 Bunu.
683 2661 765 2707 trecto,
784 2664 810 2700 ut
828 2652 877 2707 ille,
896 2649 1003 2699 militiam
1021 2657 1096 2697 tuam.
1118 2662 1166 2714 pra

170 2727 209 2774 33.
244 2726 298 2778 Quo
324 2725 402 2788 coph]
437 2725 634 2790 Interruptionem
682 2728 739 2774 beat
749 2726 818 2774 modo
829 2725 869 2772 ille
880 2733 961 2772 mutuo
969 2739 1048 2772 amore
1057 2722 1178 2771 materiem

139 2815 199 2864 pono
217 2799 296 2848 statim
313 2808 366 2863 post
385 2800 443 2846 Aut.
464 2808 490 2846 ut
508 2797 634 2862 intelligas,
684 2799 828 2848 mecamori.
862 2799 950 2846 Burin.

138 2882 179 2921 aut
199 2873 240 2920 ille
260 2873 365 2937 praebeat
385 2872 515 2920 materiam.
542 2872 580 2920 vel
599 2882 636 2921 est
716 2876 755 2923 35.
783 2873 814 2920 Et
838 2876 885 2934 ipsu
912 2874 967 2919 mihi
986 2870 1052 2935 ¹falso
1069 2873 1180 2931 jacimur

137 2949 293 2996 substractum
314 2962 372 2994 meae
390 2962 463 3001 cura,
483 2962 535 2994 meo
553 2947 633 3002 amori,
682 2948 779 3014 braga]
800 2947 849 2995 Isto
864 2947 1081 3013 aaagoPuteaneua
1098 2941 1180 2992 etalii

138 3037 215 3085 neque
232 3020 295 3068 enim
311 3036 363 3084 ego,
374 3036 427 3084 quc
437 3019 509 3085 coepi,
520 3019 634 3084 dedignor
683 3039 712 3071 ex
724 3022 920 3086 castigatioribus.
937 3021 1025 3086 placet.
1035 3019 1103 3086 satta
1121 3032 1179 3082 quo-

137 3113 224 3145 amare.
262 3095 363 3143 Arnon.
402 3095 466 3159 Lege
492 3111 520 3143 ex
549 3096 634 3144 veteris
682 3112 728 3161 que
754 3097 817 3145 idem
838 3096 982 3145 l’uteaneus.
1015 3095 1094 3150 Forte,
1121 3095 1180 3145 miti

137 3172 190 3219 libri
201 3171 247 3219 fide
258 3178 282 3217 et
292 3168 539 3231 rationeqmmcapt.
561 3168 631 3216 Cion.
675 3172 754 3236 jiatm.
788 3172 878 3219 Herus.
1184 3225 1185 3229 Ἰ

140 3245 210 3298 Quem
221 3246 276 3305 coepr'
286 3243 401 3298 meliores,
412 3242 479 3291 etita
490 3241 633 3306 Naugerius.
716 3247 756 3294 40.
773 3245 908 3300 Quotam
919 3245 1017 3292 aduncis
1022 3243 1135 3308 fluctibus
1144 3246 1179 3292 ire

138 3327 164 3367 ut
176 3318 247 3375 dicat,
259 3317 323 3382 quod
333 3316 406 3365 alibi:
682 3321 772 3384 parua]
790 3319 885 3376 Malim,
896 3319 949 3372 Quo
958 3328 1035 3366 tumea
1048 3332 1103 3366 eum
1117 3318 1179 3367 Scri-

171 3396 218 3442 Aut
229 3403 295 3449 amet,
306 3403 348 3442 aut
356 3392 437 3458 faciut
448 3409 492 3441 eur
501 3408 635 3457 egotemper
684 3394 787 3450 veriano,
798 3396 836 3442 v'el
852 3393 932 3450 etiam,
951 3393 1017 3448 Quod
1033 3401 1106 3440 tannen
1125 3407 1180 3442 cum

201 3486 280 3516 amem.
682 3469 780 3517 Strozzc
791 3467 881 3525 codice,
892 3467 949 3532 quia
958 3466 1071 3531 sequitur,
1081 3465 1131 3521 Quo
1133 3467 1180 3532 fu·

137 3543 176 3590 Sic
186 3543 221 3590 iii.
232 3543 314 3590 Amor.
327 3541 368 3589 xii.
379 3543 405 3590 2.
682 3545 734 3608 gis?
759 3541 800 3606 qui
820 3540 893 3590 duma
918 3549 954 3589 est
973 3555 1107 3589 concursus.
1141 3540 1181 3590 Ire

172 3618 311 3679 Quumcoepi
323 3619 478 3664 mtusamre.
511 3614 601 3662 Herus.
683 3619 757 3665 mama
777 3615 881 3664 obvium.
915 3615 961 3679 Ep.
981 3614 1067 3670 Herus,
1088 3614 1178 3664 narta-

139 3690 250 3740 Nondum
271 3699 351 3739 tamen
367 3689 437 3737 video
456 3703 558 3744 sensum,
579 3704 634 3737 cum
681 3693 808 3751 pontiacum
818 3691 894 3736 oum
903 3705 985 3749 mnam
994 3703 1025 3736 ex
1038 3688 1140 3752 antiquis
1150 3687 1180 3735 li-

138 3779 251 3828 suspensa
267 3764 297 3813 sit
314 3764 396 3812 oratio.
429 3761 458 3810 ln
473 3762 595 3811 Puteanco
610 3774 635 3812 et
683 3763 740 3812 bris.
773 3762 828 3809 Art.
847 3761 904 3808 Am.
927 3759 954 3808 ii.
973 3761 1015 3808 47.
1034 3775 1064 3808 ex
1083 3760 1181 3809 vetustis

139 3836 230 3886 duobus
245 3837 297 3887 aliis
312 3846 370 3893 erat,
381 3848 404 3886 et
420 3853 468 3901 ego,
481 3836 506 3885 in
523 3835 579 3891 alio,
589 3839 634 3885 ait.
685 3835 872 3901 exemplaribus:

139 3908 637 3975 inquinque,enegoquae.indrgent.haud
719 3910 799 3958 Restat
818 3910 863 3955 tter
877 3907 935 3964 ccii,
950 3906 1030 3954 celum
1047 3906 1180 3954 tentabimus

138 3998 188 4046 ego.
205 3983 435 4041 inFrauoofurtenai,
451 4001 515 4047 quem
528 3986 637 4045 ceptum
749 3986 793 4031 in.

139 4059 199 4103 enim
209 4059 318 4122 dedignor
328 4073 409 4107 me.
430 4056 635 4123 legendumsorte
685 4057 768 4107 Amor.
778 4055 806 4103 ii.
817 4053 858 4102 Ei.
869 4051 903 4100 xi.
1054 4098 1057 4103 .

140 4129 198 4178 erit:
718 4126 963 4188 nummatam
975 4122 1076 4171 coriam
1084 4133 1162 4186 porat,

172 4201 584 4264 —cmmsttmttumm
684 4201 795 4253 tiemari.
827 4196 1066 4265 mmeramme:
