2896 4980
199 310 266 376 282
496 307 536 372 Ρ.
559 306 722 374 OVIDII
746 306 958 376 NASONIS

204 481 266 569 Et,
287 493 391 580 puto,
409 493 603 579 captasses
621 482 778 556 iterum:
807 483 891 569 nisi,
911 495 954 557 ut
970 482 1052 581 ipse
1068 483 1201 571 lateris,

253 597 483 671 Promissam
500 598 616 670 scires
634 621 695 670 me
713 598 804 671 satis
822 622 908 672 esse
924 600 1055 673 semel.

204 712 286 788 Nec
305 713 448 787 lectura
463 712 539 786 fui:
567 713 647 797 sed,
667 713 699 785 si
718 712 786 784 tibi
803 713 898 786 dura
914 713 1083 801 fuissem,
1208 718 1230 787 b

252 829 377 902 Aucta
393 828 489 902 foret
506 851 614 900 saevae
632 827 786 900 forsitan
804 828 859 901 ira
877 828 981 902 Deoe.

205 944 344 1018 Omnia
359 969 446 1017 cum
462 943 609 1028 faciam,
628 966 715 1016 cum
733 943 820 1015 dem
837 944 902 1041 pia
918 956 1002 1019 tura
1020 945 1170 1032 Dianae3

253 1058 325 1133 Illa
341 1072 468 1134 tamen
480 1060 587 1156 justat
605 1059 690 1157 plus
708 1059 776 1132 tibi
794 1070 902 1157 parte
919 1059 1030 1135 favet.

203 1177 334 1274 thue
351 1176 458 1273 cupis
475 1175 591 1261 credi,
611 1177 765 1248 memori
787 1187 826 1250 te
843 1176 1008 1251 vindicat
1024 1177 1094 1251 irai.
1198 1238 1201 1243 .

251 1291 353 1364 Talis
371 1292 410 1362 in
428 1289 638 1388 Hippolyto
654 1290 718 1363 vix
735 1289 806 1363 fuit
820 1291 886 1364 illa
902 1315 984 1364 suo.
1195 1296 1232 1365 10

201 1409 254 1482 At
270 1407 403 1480 melius
422 1405 538 1501 Virgo
556 1405 709 1477 favisset
725 1406 878 1501 virginis
896 1407 1025 1493 annis;

252 1523 357 1608 Quos
374 1537 503 1596 vereor
519 1545 661 1620 paucos
679 1545 726 1594 ne
743 1522 833 1594 velit
850 1546 935 1596 esse
951 1522 1058 1596 mihi.

202 1640 375 1733 Languor
392 1639 505 1723 enirn,
524 1638 668 1711 caussis
687 1662 761 1710 non
779 1638 1061 1736 adpetentibus,
1080 1638 1203 1723 baeret,

251 1754 419 1851 Adjuvor
436 1766 475 1828 et
492 1755 593 1827 nulla
610 1753 711 1828 sessa
728 1755 914 1828 medentis
931 1778 1018 1853 ope.
1195 1754 1231 1825 lt

202 1870 326 1955 Quam
337 1871 405 1942 tibi
419 1896 517 1942 nunc
530 1871 706 1966 gracilem
716 1872 779 1943 vix
789 1871 870 1944 haec
881 1870 1100 1956 rescribere,
1111 1890 1232 1967 quam·

252 1985 401 2059 Pallida
412 1985 475 2057 vix
493 1985 620 2058 cubito
638 1986 807 2059 membra
823 1986 946 2059 levare
964 1985 1099 2081 putas?
1150 1984 1232 2080 [que

202 2101 288 2174 Huc
307 2102 416 2174 timor
434 2101 592 2186 accedit,
612 2125 659 2174 ne
677 2102 775 2197 quis,
795 2101 866 2173 nisi
883 2099 1037 2173 conscia
1053 2099 1191 2185 nutrix,

252 2214 441 2313 Colloquii
460 2215 568 2286 nobis
586 2216 724 2312 sentiat
742 2239 826 2288 esse
839 2216 954 2287 vices,

201 2332 300 2405 Ante
318 2330 416 2403 sores
441 2331 548 2404 sedet
565 2332 670 2404 haec:
700 2332 791 2429 quid
812 2352 999 2427 agamque
1026 2328 1235 2425 rogantibus
1280 2324 1284 2335 '

252 2447 307 2520 Ut
323 2445 466 2544 possim
483 2457 564 2519 tuto
583 2446 758 2532 scribere,
779 2445 939 2530 Dormit,
959 2444 1025 2518 ait.
1112 2443 1233 2539 [intus

197 2650 263 2709 lippe
281 2648 389 2703 Aconum
413 2645 542 2692 Hero'r'rlam
560 2646 638 2693 Ouidii
658 2647 696 2692 ul·
746 2645 808 2693 hanc
829 2646 929 2709 figuram
949 2644 1014 2711 apud
1036 2643 1149 2693 Ovidium
1175 2640 1237 2692 focile

199 2725 261 2777 tinia,
273 2736 349 2768 recens
359 2729 462 2781 repert
480 2719 564 2766 mirum
580 2729 659 2767 autern
671 2735 696 2766 rn
746 2718 803 2766 alibi
816 2719 926 2784 reperias.
959 2719 1002 2766 Est
1021 2717 1085 2766 enim
1103 2717 1237 2783 Rogamus·

198 2791 521 2858 posterioribuscditionibus‚
528 2799 554 2839 ut
565 2792 695 2847 Parmensi
745 2796 814 2849 inter,
841 2793 942 2848 dictum,
964 2809 1006 2857 pro
1032 2790 1238 2855 interrogantilm

199 2868 344 2931 lenetisque
355 2866 448 2915 duabus
457 2866 509 2914 hrrc
518 2881 564 2913 non
575 2882 696 2931 apparere.
746 2867 809 2931 quod
820 2866 884 2915 haud
895 2867 952 2924 scio,
965 2883 996 2915 an
1008 2866 1074 2932 apud
1084 2865 1161 2914 ullum
1170 2864 1237 2915 slim

232 2942 270 2990 10.
293 2940 324 2988 Iu
345 2940 490 3003 Hippolyta]
519 2939 604 2988 Risum
623 2940 696 2988 debet
746 2941 845 2988 Potum
861 2939 979 3005 reperias:
999 2938 1089 2988 nedum
1105 2938 1171 3004 apud
1185 2936 1237 2987 On·

196 3015 235 3063 hie
245 3014 372 3064 lectoribus
380 3015 530 3063 concinnator
538 3021 645 3062 notarum
653 3028 694 3062 va
745 3013 819 3068 dium,
831 3030 872 3079 qm
865 3013 972 3077 ubique
982 3012 1081 3061 orationi
1095 3010 1206 3077 equnbili
1213 3024 1237 3059 rc

197 3088 344 3153 riarum‚qui
360 3087 487 3135 Ilubertini
504 3087 694 3151 explicationem,
745 3088 821 3152 plante
839 3087 939 3135 studuit.
973 3087 1020 3136 Sed
1038 3096 1120 3135 tamen
1136 3085 1187 3135 lieri
1200 3099 1236 3151 po·

198 3164 222 3208 r'n
240 3162 362 3223 Hippolyto
378 3177 420 3225 per
429 3159 595 3209 Archaismum
611 3177 653 3225 pro
669 3165 696 3209 in
745 3169 799 3217 test,
809 3169 837 3209 ut
853 3161 891 3209 vel
907 3160 1020 3210 insititius
1036 3174 1119 3209 versus
1130 3158 1236 3209 licitu

199 3235 349 3297 Hippolytum
367 3233 424 3288 dici,
440 3234 535 3289 refutat,
554 3250 597 3282 nec
614 3238 638 3282 r'n
653 3251 694 3299 pro
744 3235 783 3291 sit,
800 3235 838 3282 vel
855 3233 915 3283 alias
932 3241 1066 3298 corruptus.
1100 3232 1237 3297 Poenaque

196 3322 253 3371 erga
271 3307 341 3362 sumi,
362 3308 404 3355 scd
426 3307 555 3355 ablativum
576 3309 694 3372 requirere
745 3308 810 3357 nullo
820 3307 969 3356 incommodo
977 3306 1040 3371 legi:

197 3380 343 3428 confidenter
359 3388 434 3428 notat.
466 3380 504 3427 Tu
515 3380 576 3436 vide,
589 3398 642 3444 quae
653 3398 694 3431 nos
776 3382 905 3435 —Quid
915 3397 1025 3445 agamque
1036 3382 1178 3444 rogantibus,
1188 3382 1237 3442 ι’μ,

199 3454 230 3503 ad
244 3452 361 3510 Quinctil.
373 3469 411 3501 xv.
427 3452 498 3500 Decl.
509 3454 535 3500 6.
552 3455 693 3503 notavimus.
780 3456 812 3503 Ut
822 3458 900 3518 possim
911 3464 961 3502 tato
971 3456 1075 3510 scribom
1085 3456 1180 3510 dormit.
1189 3454 1228 3501 stt.

197 3528 289 3575 Bunu.
744 3529 798 3577 Nisi
809 3529 872 3593 quod
888 3528 955 3577 nobis
965 3526 1025 3575 nihil
1036 3522 1236 3591 immutarem&

233 3602 272 3648 11.
294 3598 416 3663 Virginis]
436 3599 502 3646 Male
519 3599 549 3647 dc
564 3600 694 3664 Hippolyto
744 3604 774 3651 ab
786 3603 838 3651 aliis
854 3602 970 3650 intactum
987 3600 1104 3651 hactenus
1120 3596 1234 3652 mannil.

197 3673 364 3740 capitDouza.
379 3671 436 3735 quia
453 3671 546 3718 Nonius
562 3671 633 3720 etiam
647 3677 694 3722 cir·
744 3677 897 3725 constitutum
912 3684 958 3724 est.
975 3674 1121 3723 Mrcrtuus.
1154 3671 1236 3725 Seth,

193 3753 259 3815 gina
277 3745 325 3795 dici
346 3760 431 3810 pueros
448 3744 550 3792 investes
570 3753 645 3794 notat.
663 3748 694 3796 ad
744 3752 816 3797 intus.
867 3748 1001 3798 Columella
1027 3747 1171 3797 Pmlationo
1194 3741 1235 3793 lut

197 3824 271 3889 ipsarn
282 3819 407 3884 Cydippen
418 3817 548 3867 reserenda.
745 3821 860 3878 Rustica,
870 3821 948 3884 Neque
956 3822 1234 3885 cotnragamtqotme

231 3898 269 3945 19.
281 3895 344 3947 Qata
352 3908 461 3961 agamqqc
470 3893 600 3953 rogantibus
611 3893 691 3955 intem]
745 3906 785 3941 tar
801 3898 939 3951 tutamenti
956 3897 1089 3956 respondero
1104 3898 1233 3959 diguam

196 3970 244 4018 llic
256 3983 335 4018 versus
344 3964 463 4030 praecipuc
480 3980 509 4012 ex
526 3962 556 4010 iis
572 3980 634 4011 unus
650 3978 694 4021 est,
744 3968 778 4015 ll.
791 3969 857 4016 Male
875 3968 958 4016 Duum
974 3978 999 4016 et
1015 3967 1057 4015 alii
1069 3968 1233 4034 capiebam

196 4042 259 4092 unde
277 4039 403 4103 colligitur,
422 4039 464 4088 bos
482 4054 529 4086 nou
547 4053 596 4087 essa
613 4038 693 4086 Polite
743 4043 850 4104 paratibus
875 4044 943 4097 inter,
964 4056 1006 4105 pro
1032 4042 1232 4106 interrogantibus:

196 4115 345 4180 propriosne
363 4112 488 4177 γνησίους.
530 4111 614 4175 b'eque
632 4112 693 4159 enirn
745 4124 809 4163 certa
820 4116 911 4165 Heinsii
923 4126 956 4165 ast
969 4116 1115 4167 emendatio.
1132 4116 1214 4167 Bran.
