2896 4980
195 298 259 365 894
483 301 521 364 Ρ.
547 299 708 366 OVIDII
733 301 945 367 NASONIS

410 869 710 944 norrun
757 870 1034 944 Nasonis

565 1075 877 1167 AMORUM

494 1300 656 1359 LIBER
695 1299 948 1358 TERTIUS.

623 1537 821 1589 -4-

572 1754 800 1827 ELEGIA
839 1755 870 1828 1.

200 1930 285 2002 Stat
302 1938 421 2012 vetus,
441 1939 479 2001 et
497 1929 634 2003 multos
653 1895 824 2001 lii'e‘aeiiua
840 1929 934 2003 silva
950 1951 1017 2026 per
1034 1952 1168 2002 annos.

249 2043 441 2117 Credibile
460 2054 519 2117 est
536 2044 588 2116 illi
607 2067 747 2117 numen
765 2043 889 2118 inesse
906 2045 1003 2117 loeo.

199 2159 297 2233 Fons
309 2181 415 2232 sacer
425 2158 462 2230 in
473 2158 609 2247 medio,
624 2158 882 2256 speluncaque
894 2158 1042 2257 pumice
1054 2160 1241 2257 pendens:

248 2275 299 2349 Et
314 2277 431 2348 latere
449 2297 497 2347 cx
515 2274 614 2347 omni
633 2273 743 2346 dulce
762 2283 968 2370 queruntur
986 2297 1086 2346 aves.

198 2392 271 2465 Hic
290 2415 360 2487 ego
378 2389 469 2461 dum
488 2388 628 2486 spatior
646 2397 768 2460 tectus
787 2389 1038 2461 nemoralibus
1056 2389 1241 2473 umbris‚5

249 2507 359 2591 Quod
378 2530 474 2591 mea,
494 2505 722 2602 quaerebam
744 2503 858 2578 Musa
875 2516 1040 2579 moveret
1058 2528 1170 2603 opus.

197 2622 312 2696 Venit
328 2623 503 2696 odoratos
524 2619 679 2716 Elegeia
697 2643 796 2692 nexa
813 2621 990 2718 capillos:

249 2737 311 2823 Et,
331 2748 435 2835 puto,
455 2761 523 2834 pes
543 2736 594 2808 illi
612 2737 758 2832 longior
776 2736 870 2808 alter
888 2745 978 2808 erat.
1071 2832 1072 2836 Ἴ

199 2853 333 2926 Forma
349 2853 510 2926 decens:
538 2852 653 2925 vestis
672 2851 903 2936 tenuissima,
920 2850 1043 2923 cultus
1062 2849 1238 2923 amantis:

249 2967 293 3041 In
312 2968 472 3066 pedibus
487 2967 617 3039 vitium
636 2991 771 3039 caussa
788 2966 933 3038 decoris
952 2974 1043 3037 erat.
1202 2968 1242 3037 10

232 3233 254 3278 l.
273 3234 323 3279 Stat
336 3243 437 3288 1·etns,et
451 3235 540 3287 rnrrltos,
549 3233 606 3295 bc]
620 3233 696 3281 Inter·
740 3233 830 3297 finitent
837 3249 927 3279 socrum
936 3230 1045 3294 Egeriam
1053 3229 1243 3293 intelligerepos·

197 3305 696 3369 missapaullulum,quamaggressuserat,
747 3323 837 3354 sumus.
872 3307 987 3352 illimus.

195 3377 331 3440 llagoedia,
350 3379 435 3442 Elegos
452 3380 555 3427 scribere
574 3379 697 3429 deliberat.
780 3385 803 3429 5.
832 3381 989 3427 ll'emoralibus
1016 3375 1110 3438 andiu]
1147 3377 1176 3425 Id
1204 3382 1243 3431 est,

198 3452 270 3498 (lior.
747 3453 877 3508 frondibus,
896 3468 949 3516 qua
962 3460 1031 3499 vento
1050 3449 1157 3513 agitata,
1175 3449 1236 3498 unda

234 3524 336 3578 Veniam
347 3525 427 3570 maritos
437 3526 531 3570 incidunt
539 3527 596 3571 siloa
606 3543 646 3586 per
653 3544 695 3574 oa·
747 3543 798 3574 rum
809 3526 913 3590 speciem
923 3526 1037 3589 praebent.
1071 3521 1120 3570 Sed
1131 3523 1189 3586 quia
1204 3522 1243 3570 lroe

199 3597 257 3659 nos.]
276 3595 358 3643 Simile
369 3594 482 3658 quiddam
494 3594 535 3642 lib.
546 3597 579 3644 iv.
593 3599 657 3646 Fast.
747 3598 908 3647 duriusculum
930 3606 974 3652 est,
993 3595 1081 3644 rectius
1098 3598 1141 3659 (ut
1157 3596 1205 3644 vidi
1223 3595 1244 3643 in

230 3670 498 3731 .S'iltuoetns,nulluqoe
514 3672 556 3716 die
570 3673 696 3720 violaturo·
747 3673 913 3736 manuscriptis
939 3669 1129 3734 exemplaribus)
1151 3670 1244 3734 legetur,

294 3748 346 3793 curi
748 3746 1009 3793 Nemorulilntsumbris.
1045 3744 1163 3792 Maurus.

263 3819 352 3867 Stabat.
365 3843 493 3854 ·---
779 3822 804 3866 6.
824 3820 890 3872 Quod
902 3838 948 3867 meu
962 3820 1086 3881 quaerebam
1098 3819 1169 3866 Mosa
1179 3832 1243 3865 mote-

197 3892 239 3940 l'st
248 3903 327 3942 autem
337 3895 382 3942 hoc
395 3893 448 3941 loco
458 3901 557 3941 venusta
567 3889 695 3940 admodum
746 3904 780 3940 ret
792 3893 869 3955 apua]
890 3894 1006 3946 Morendi,
1020 3890 1045 3938 id
1055 3899 1092 3939 est
1102 3889 1244 3941 exordiendi·

198 3967 337 4028 topothesia.
372 3967 442 4016 Cror.
746 3968 817 4015 verbo
828 3966 899 4014 eliam
917 3982 974 4015 usus
988 3974 1023 4013 est
1040 3965 1130 4013 libili.
1148 3965 1211 4013 Fast.
1220 3961 1243 4009 ii.

230 4039 254 4083 3.
272 4037 301 4084 In
313 4040 403 4101 medin]
423 4038 572 4100 Scibsylvm.
592 4040 695 4087 Fortasse
746 4041 815 4087 (lor.

197 4107 308 4159 describit
319 4113 394 4161 l'o'eta
404 4111 527 4160 Aricinum
540 4128 630 4162 nemus.
650 4113 694 4160 Per
777 4114 800 4160 9.
822 4112 926 4172 Voltus]
948 4110 1046 4159 Rectius
1064 4111 1153 4159 Morcti
1165 4109 1241 4162 codex,
