2896 4980
198 380 244 448 58
495 377 535 443 Ρ.
558 374 719 443 0v1n11
743 374 955 443 NASONIS

197 550 386 652 Tyndaris
403 548 546 625 infestis
562 549 717 648 fugitiva
733 550 940 649 reposcitur
957 550 1084 625 umis.

249 668 334 743 Hac
350 667 505 743 venitin
521 668 705 742 thalamos
722 666 811 741 dote
828 666 992 765 superba
1007 676 1107 739 tuos.

199 783 295 870 Quae
312 784 344 857 si
367 784 417 858 sit
435 782 576 857 Danais
593 781 796 867 reddenda,
814 783 872 856 vel
892 780 1059 855 Hectora
1074 779 1253 869 irenem,

247 898 317 973 Vel
336 922 422 973 cum
440 898 640 997 Deiphobo
659 898 932 997 Polydamanta
950 922 1051 995 roga.

199 1016 299 1104 Quid
316 1017 438 1115 gravis
457 1016 636 1101 Antenor,
657 1016 829 1089 Priamus
847 1016 938 1113 quid
955 1024 1112 1088 censeat
1128 1014 1232 1113 ipse,

247 1133 413 1241 Consple
425 1132 549 1249 pppis
567 1142 657 1203 aetas
675 1132 786 1227 longa
803 1131 982 1226 magistra
998 1128 1081 1203 suit.
1197 1132 1253 1203 96

196 1248 321 1349 Turpe
339 1234 603 1333 rudimentum,
623 1248 754 1345 patriae
772 1270 990 1345 praeponere
1008 1256 1170 1343 raptam.

244 1364 393 1439 Caussa
410 1362 588 1461 pudenda
604 1376 669 1437 tua
685 1374 763 1445 est3
788 1366 893 1459 justa
909 1363 963 1434 vir
980 1383 1085 1435 arma
1101 1370 1252 1435 movet.

197 1480 234 1555 N
236 1506 281 1555 ec
298 1482 379 1566 tibi,
398 1480 430 1553 si
448 1478 584 1575 sapias,
603 1480 717 1553 fidam
735 1481 910 1577 promitte
930 1480 1142 1565 Lacaenam,

247 1595 342 1680 Quae
360 1595 464 1669 sitin
482 1596 677 1692 amplexus
694 1607 772 1668 tam
789 1596 864 1667 cito
882 1618 989 1667 versa
1006 1604 1103 1666 tuos.
1174 1596 1256 1667 100

152 1782 155 1789 .
199 1708 255 1784 Ut
269 1710 389 1783 minor
406 1709 557 1783 Atrides
575 1711 743 1784 temerati
763 1710 904 1783 foedera
920 1710 1008 1783 lecti

249 1826 411 1912 Clamat,
430 1837 469 1899 et
485 1838 640 1899 externo
661 1826 771 1898 laesus
789 1849 914 1898 aurore
931 1826 1055 1911 dolet3
1075 1816 1079 1825 ’

198 1940 255 2014 Tu
273 1965 424 2038 quoque
441 1942 633 2015 clamabis,
688 1940 803 2014 Nulla
820 1940 1037 2037 reparabilis
1055 1947 1136 2011 arte

248 2054 357 2129 Laesa
372 2056 551 2155 pudicitia
567 2067 646 2131 est:
676 2056 822 2154 deperit
837 2057 901 2128 illa
917 2056 1048 2129 semel.

198 2354 233 2405 Ut
246 2353 356 2403 ostendat
373 2369 429 2403 suas
446 2353 540 2419 nuptias
550 2354 630 2403 Paridi
646 2352 693 2402 uti·
742 2350 826 2400 Silium
833 2350 944 2400 Italicum
954 2360 979 2400 et
987 2349 1101 2405 Persium,
1112 2364 1161 2399 non
1168 2352 1253 2403 ausin

196 2428 266 2478 liores
282 2429 338 2485 lore,
349 2444 422 2493 quarn
437 2428 530 2493 nuptias
541 2428 652 2486 llelenar;
669 2436 694 2474 et
742 2428 990 2489 immutarereceptam
996 2423 1252 2479 scribendinlionem.

195 2518 297 2568 sequens
313 2502 431 2551 distichon
447 2501 611 2550 correctionem
631 2501 693 2549 lrunc
742 2499 871 2564 pracsertim
880 2516 934 2547 curn
945 2499 1048 2547 dialecto
1054 2497 1143 2546 Dorica
1152 2508 1179 2547 et
1188 2494 1251 2551 Ilis-

196 2576 282 2625 firmat.
309 2577 401 2625 Harsa.
427 2574 553 2639 Eleganter
563 2576 623 2623 tales
634 2592 693 2641 nup·
742 2572 857 2637 λύδαμας
873 2572 975 2622 dicatur.
991 2572 1025 2621 sic
1041 2571 1251 2637 ropdllovnov·

196 2646 241 2697 tiss
252 2648 396 2715 ἀπολέμου
407 2648 482 2706 εὐνὰς
491 2660 559 2697 vocnt
572 2646 694 2714 Euripides
743 2646 840 2713 ρὰλλον
850 2658 875 2695 et
884 2646 1024 2710 κυρὰλλον,
1032 2645 1126 2709 aliaque
1135 2646 1250 2711 ejsudem

196 2722 295 2772 Medea.
313 2724 370 2771 64³.
391 2730 417 2771 et
436 2722 544 2788 AEsehyl.
566 2722 692 2786 Agamem.
744 2729 816 2768 nota.
833 2720 896 2785 apud
908 2720 1053 2785 Propertium
1069 2720 1130 2767 libro
1139 2718 1176 2768 iii.
1187 2722 1250 2773 Ele.

197 2794 255 2845 695.
295 2792 350 2845 Tris
366 2794 543 2861 dopripupplpou
563 2794 693 2859 ‹lpprtaufp
743 2793 784 2857 gia
804 2795 890 2857 prima:
917 2794 1081 2856 Polydamanta
1099 2795 1147 2841 sins
1162 2798 1248 2847 amis.

195 2865 312 2919 Ἑλέναν.
351 2870 506 2935 Cupolerreus
524 2870 636 2925 malebat,
656 2872 694 2916 cui
744 2866 808 2931 apud
822 2868 1012 2931 PersumSatpra
1021 2868 1110 2931 primu
1133 2866 1172 2915 Ns
1188 2872 1249 2919 anibi

198 2944 265 2991 nulla
273 2953 389 3005 parantur
399 2943 468 2990 bellu.
501 2944 591 2991 lluuss.
746 2942 882 3004 Polydamas
891 2951 912 2989 ct
925 2942 1032 2990 Tru'iurles
1043 2942 1167 2989 houm
1178 2942 1248 2993 Pre-

229 3018 272 3066 9³.
290 3016 389 3064 Hectora
400 3015 525 3081 fratrem]
544 3018 598 3064 Non
616 3014 694 3080 prohi-
745 3017 852 3063 tulerint.
869 3013 932 3079 apud
947 3014 1030 3063 silium
1046 3015 1107 3063 libro
1116 3014 1160 3063 xii.
1196 3018 1247 3067 Po-

198 3090 247 3145 bet‚
258 3100 285 3138 ut
291 3088 387 3152 quidam
392 3097 490 3154 putant:
502 3090 596 3138 omnino
601 3088 694 3137 suadet.
746 3090 895 3149 lpaelumuureis
897 3090 991 3147 juranis
1009 3089 1123 3137 Pndiuuus
1135 3091 1158 3135 r'u
1173 3094 1250 3141 umis

199 3162 287 3211 llector
305 3162 368 3209 enim
384 3161 494 3210 connubii
510 3162 580 3209 fidem
598 3163 696 3210 sanctis-
746 3160 814 3209 llelln
825 3162 927 3226 agitabat
938 3172 1011 3211 atros.
1045 3163 1134 3210 llurss.

199 3234 258 3283 sime
288 3232 370 3281 coluit.
414 3233 509 3297 ridjecit
536 3235 695 3300 Deiphobum,
780 3236 1051 3299 Priumuspur’dsuudeut
1064 3236 1129 3299 ipa]
1148 3236 1249 3289 Ceam

200 3306 510 3371 nonexhistoria‚(quippe
525 3318 696 3372 quemconstut
746 3307 907 3356 lovaniensis.
944 3311 983 3358 Sic
1010 3309 1117 3375 Epistula
1142 3309 1248 3365 Helena

200 3392 319 3431 auctorem
327 3380 398 3428 {uiue
409 3396 438 3427 nc
449 3380 538 3429 llelene
548 3382 696 3443 redderetur)
746 3391 814 3431 vetus·
823 3380 907 3429 tuder.
918 3384 976 3431 all.

200 3454 243 3504 sed
256 3452 372 3520 opinionis
383 3469 466 3507 amur,
477 3462 501 3501 et
515 3455 614 3518 puellari
630 3456 696 3502 boui·
779 3456 842 3508 Quid
856 3455 961 3503 Priamus
975 3460 1003 3503 de
1021 3474 1062 3513 ue,
1081 3456 1170 3505 Priami
1188 3464 1249 3522 quid

200 3538 258 3586 tate,
267 3543 339 3593 qutun
352 3542 397 3573 non
408 3526 509 3577 decebat
523 3545 574 3577 esse
584 3527 696 3593 srspicio.
811 3538 896 3576 colunt
910 3547 973 3579 uror.
1007 3531 1097 3578 llurus.

199 3620 260 3653 sam.
296 3601 470 3647 Parruussrus.
781 3603 836 3651 103.
854 3602 887 3649 Tu
906 3622 992 3667 pampus
1007 3604 1134 3666 custodia]
1156 3606 1248 3671 Per-pe.

233 3678 276 3725 94.
291 3674 458 3736 Polydamanta
469 3673 546 3737 roga]
579 3676 646 3731 Sunt,
657 3676 697 3741 qui
746 3692 795 3724 ram
806 3678 929 3740 sequentia
939 3678 1114 3741 distinguuntur
1126 3678 1150 3725 in
1161 3682 1249 3745 vulga.

200 3760 250 3800 tum
260 3749 305 3797 hoc
312 3747 373 3803 loco,
380 3763 450 3811 quam
461 3748 619 3812 illotumorplt.
628 3748 669 3797 xii.
676 3768 698 3800 v.
747 3750 777 3797 tie
788 3750 861 3803 libris.
872 3767 899 3798 aa
911 3751 929 3798 si
941 3752 1065 3799 clamantis
1076 3752 1182 3800 Menelai
1193 3770 1249 3803 ver.

201 3825 258 3873 547.
269 3823 434 3871 Pulr'dumaatn
441 3820 699 3874 scribendumcensent.
747 3825 779 3871 ba
795 3824 850 3873 sint.
869 3824 932 3889 quod
953 3827 1027 3873 Poitn
1048 3826 1143 3873 minime
1162 3828 1251 3881 uoluit.

201 3914 261 3963 quos
271 3895 468 3945 interCiolanus:
485 3894 549 3957 quod
559 3895 661 3945 llomero
669 3899 699 3947 sit
748 3898 806 3945 lorte
822 3910 901 3947 tamen
913 3902 1037 3951 drrnrnulis.
1054 3910 1077 3948 et
1089 3916 1156 3947 remu
1174 3916 1248 3965 supe-

202 3968 474 4035 llovlr'rdupacpassim
482 3976 506 4016 et
516 3967 541 4015 in
549 3966 701 4034 llolridapap
748 3970 807 4019 riore
814 3971 1051 4035 dtnrrrutlegeudum.
1070 3974 1161 4020 llrrs's.
1178 3974 1248 4025 Nihil

200 4042 431 4111 primacorripiatur.
447 4041 551 4091 sedcum
560 4042 700 4093 membranas
749 4056 823 4094 muto.
838 4049 937 4096 clamare
947 4048 1010 4094 enirn
1026 4059 1062 4097 est
1077 4048 1116 4096 hic
1128 4048 1193 4096 Deos
1208 4050 1247 4097 in-

200 4125 293 4167 veteres
311 4124 447 4167 constanter
466 4130 509 4181 pro
528 4112 626 4177 vulgata
640 4124 702 4166 stent
749 4118 851 4167 claruere
861 4123 890 4168 ob
902 4120 1009 4169 temerati
1020 4121 1111 4171 stadem
1120 4122 1185 4170 lecti.
1195 4123 1248 4173 vid.

201 4189 330 4257 Scriptura,
340 4188 405 4257 apud
415 4187 565 4255 Propertium
575 4201 668 4251 quoque
678 4200 702 4241 et
749 4194 827 4259 ipsum
838 4195 920 4245 Heius.
930 4194 961 4243 ad
971 4196 1066 4247 Patron.
1077 4196 1138 4247 lviii.
