2904 4994
485 304 746 399 menorans.
771 334 841 398 nr.
865 334 969 400 xvr.

1173 320 1250 402 5213

207 506 296 580 Non
314 508 486 581 dabimus
504 520 606 582 certe
624 532 794 583 socerum
811 509 892 596 tibi,
912 509 1011 581 clara
1028 507 1220 606 fugantem

258 623 432 714 Lumina3
454 627 519 723 qui
536 627 702 725 trepidos
722 651 745 699 a
760 627 857 723 dape
875 637 995 698 vertat
1012 649 1143 722 equos
1171 633 1245 701 206

207 739 244 813 N
247 764 290 814 ec
309 751 416 840 pater
433 755 491 815 est
508 741 659 815 Priamo
678 743 795 815 soceri
814 742 861 815 de
879 741 983 814 caede
1002 755 1198 831 cruentus3

256 855 307 929 Et
325 858 390 954 qui
409 857 580 956 Myrtoas
599 861 752 932 crimine
771 861 894 955 signet
912 884 1043 957 aquas.

207 971 242 1044 N
245 997 289 1046 ec
307 997 445 1071 proavo
466 975 600 1071 Stygia
617 988 742 1048 nostro
761 987 958 1073 captantur
977 976 1013 1047 in
1032 976 1134 1048 unda

256 1088 386 1174 Poma,
402 1114 470 1162 nec
486 1091 522 1162 in
537 1092 669 1163 mediis
685 1093 864 1188 quaeritur
882 1093 1013 1164 humor
1026 1092 1146 1187 aquis.
1171 1097 1245 1165 210

203 1201 305 1286 Quid
324 1212 450 1278 tamen
468 1206 538 1279 hoc
558 1206 680 1291 refert,
700 1208 732 1279 si
749 1218 786 1280 te
805 1217 909 1281 tenet
926 1217 1028 1281 ortus
1047 1207 1095 1281 ab
1114 1206 1210 1280 illis?

257 1318 415 1415 Cogitur
430 1321 518 1393 huic
536 1323 662 1394 domui
679 1321 828 1420 Jupiter
845 1347 930 1397 esse
949 1347 1068 1396 socer.

205 1431 291 1506 Heu
309 1433 473 1508 facinus!
500 1436 589 1514 ,totis
608 1436 782 1533 indignus
801 1439 973 1512 noctibus
991 1439 1053 1512 ille

168 1532 172 1542 ¹
254 1547 309 1622 Te
326 1559 449 1636 tenct3
479 1552 655 1648 amplexu
673 1552 949 1652 perfruiturque
966 1566 1043 1628 tu0.

203 1663 256 1737 At
268 1666 358 1739 mihi
372 1668 600 1765 conspiceris
619 1669 742 1767 posita
753 1671 816 1741 vix
831 1670 993 1766 denique
1009 1694 1149 1744 mensa.
1170 1675 1243 1743 215

254 1779 465 1878 Multaque,
481 1808 565 1880 quae
583 1785 733 1870 laedant,
752 1785 823 1858 hoc
838 1809 990 1882 quoque
1009 1795 1159 1884 tempus
1177 1785 1242 1858 ha·

203 1894 387 1971 Hostibus
406 1900 578 1972 eveniant
595 1900 763 1973 convivia
780 1900 870 1973 talia
887 1901 1034 1988 nostris,

1147 1902 1240 1996 [bet.

253 2011 439 2112 Experior
456 2017 578 2113 posito
597 2018 724 2114 qualia
740 2041 842 2116 saepe
861 2041 974 2090 mero.

201 2373 264 2438 mis]
283 2374 315 2423 m
331 2381 398 2426 annis
408 2379 544 2428 Puteaneus
554 2391 579 2429 et
590 2382 632 2430 alii
643 2383 695 2447 qni-

201 2449 265 2499 dam.
276 2450 306 2499 de
317 2451 386 2501 armis
398 2463 479 2518 postea
489 2464 584 2518 agetur:

235 2523 283 2573 Nec
300 2527 353 2588 ptus
375 2529 466 2576 Atrida
485 2532 556 2577 animi
579 2530 697 2578 Menelaus

297 2601 395 2657 tabent,

267 2672 341 2726 Quom
360 2674 446 2733 Parin
464 2687 505 2724 ortt
523 2679 593 2724 armis
608 2676 696 2741 antefe-

295 2752 379 2796 rendus
388 2752 442 2797 erit.
571 2750 663 2799 Herus.

199 2819 408 2880 ancot'urtensis,
448 2824 606 2873 lovanienses
638 2825 695 2881 duo,

199 2893 290 2943 Dourm
306 2905 331 2944 et
347 2896 439 2962 aliquot
458 2897 507 2954 alii,
517 2900 621 2955 collatus,
633 2907 659 2946 ut
673 2907 697 2947 et

198 2967 316 3018 editiones
325 2970 435 3035 quedam
453 2982 552 3030 veteres,
563 2972 626 3037 quod
645 2989 696 3021 nes-

199 3040 237 3090 cio
248 3057 279 3091 an
290 3051 376 3092 lemme
388 3044 569 3110 repudiandum.
588 3056 652 3094 certe
669 3044 695 3093 ii.

199 3115 283 3166 Amor.
294 3118 352 3168 xvii.
366 3123 404 3170 1³.
420 3121 495 3170 dixit:

234 3191 346 3241 Collatum
355 3197 441 3244 idcirco
451 3198 493 3243 tili
508 3213 540 3244 me
556 3207 696 3245 contemnere

186 3339 260 3409 'stae
274 3340 316 3389 vii.
329 3343 386 3390 7³4.
405 3344 513 3407 quamvis
531 3343 638 3410 paullum
649 3345 696 3394 alia

197 3413 384 3478 significatione:

246 3490 358 3539 -Fas
368 3502 391 3539 et
401 3493 454 3540 milri
464 3509 568 3554 sponsare
579 3493 695 3552 Pholum,

186 3623 189 3629 Ι
231 3563 258 3611 Si
267 3566 308 3612 etti
319 3568 416 3614 collatus
427 3568 513 3615 Diuum
523 3578 593 3615 sotor.
658 3593 661 3601 ι

186 3697 189 3701 ¹
199 3636 248 3686 Ubi
258 3647 331 3694 notat,
341 3640 385 3686 tibi
393 3650 541 3705 comparatus
551 3641 658 3689 certavit.
669 3644 694 3690 in

197 3715 266 3760 annis
275 3729 329 3761 vero
339 3713 407 3760 multi
418 3714 522 3762 codices.
557 3716 645 3763 Bunu.

184 3844 189 3854 Ι
230 3786 287 3835 206.
306 3785 355 3833 Tibi
373 3788 436 3834 claro
445 3787 595 3851 fugantem]
621 3789 693 3837 Fran·

196 3860 250 3910 cius
259 3864 376 3919 tentabar,
384 3873 425 3911 tua
436 3864 522 3919 Phoebe,
534 3865 581 3920 vel,
594 3865 694 3914 Ploeleo.

187 3934 272 3990 ,Clara
278 3937 404 4002 fugantem
415 3940 488 3986 sidera
500 3939 590 3986 lovan.
608 3947 632 3986 et
648 3939 694 3986 Pa-

196 4008 289 4150 Ιει1206..
318 4083 365 4138 Qui
386 4086 483 4147 trepidos
503 4103 517 4129 n
538 4083 594 4146 dape
620 4094 693 4132 uertat

748 2393 822 2433 vertat
834 2400 907 2448 equos.
930 2384 986 2432 Non
997 2382 1059 2432 enim
1070 2381 1180 2446 exprimit
1191 2380 1243 2428 vul-

748 2468 805 2522 gata
815 2459 938 2523 scriptura,
949 2457 1017 2522 cujus
1028 2456 1083 2520 equi
1094 2471 1109 2503 a
1119 2454 1181 2518 dape
1192 2470 1243 2502 ver·

748 2540 837 2579 tantur.
872 2532 936 2578 Nota
955 2538 991 2578 est
1011 2530 1099 2578 sabula.
1137 2527 1243 2592 Propert.

747 2604 783 2652 iii.
795 2606 837 2652 21.

780 2678 833 2725 Non
842 2678 912 2741 fugis
923 2678 1042 2730 Ausonios,
1057 2674 1138 2723 Ptroebe
1144 2674 1242 2740 fugate,

811 2755 887 2812 dapes.
1121 2748 1211 2796 Herus.

749 2824 797 2872 Nec
808 2828 885 2873 tremis
897 2825 1007 2871 Ausonius
1022 2831 1057 2871 cst
1073 2821 1098 2869 in
1111 2821 1242 2887 Propertio.

748 2914 778 2946 nn
787 2899 887 2948 voluerit
900 2899 933 2946 ita
946 2897 1002 2961 legi,
1014 2913 1045 2945 an
1055 2897 1167 2945 memoria
1177 2896 1243 2946 lesel·

746 2971 808 3028 lerit,
819 2972 908 3020 nescio.

780 3048 800 3094 A
811 3046 891 3110 dupe]
912 3044 933 3093 A
944 3043 1052 3092 convivio
1065 3059 1108 3091 suo
1118 3041 1241 3092 scelerato.

748 3120 814 3168 Dicit
822 3136 891 3183 ergo:
905 3120 959 3167 Non
970 3117 1032 3166 dabo
1041 3117 1084 3165 tibi
1095 3117 1166 3165 talem
1177 3133 1243 3166 soce·

747 3211 807 3251 rum,
819 3194 895 3258 qualis
910 3193 955 3240 luit
970 3192 1065 3247 Atreus,
1076 3190 1116 3255 qui
1127 3190 1243 3240 humanas

746 3268 820 3334 dapes
831 3269 896 3317 tratri
907 3275 1018 3332 apponat.

778 3344 836 3391 207.
860 3343 908 3391 Nec
925 3351 990 3404 poter
1006 3341 1060 3403 est]
1088 3339 1117 3388 ld
1135 3348 1180 3395 est,
1198 3354 1242 3388 nec

745 3426 812 3483 pater
839 3417 935 3472 Priami,
957 3432 1015 3464 avus
1040 3431 1115 3471 mem,
1136 3429 1243 3462 socerum

745 3509 813 3540 suum
822 3492 947 3547 interfecit,
956 3489 1017 3538 sicut
1025 3490 1111 3557 Pelops
1121 3505 1179 3537 avus
1187 3489 1241 3538 Me-

745 3567 834 3689 neiaii.
855 3640 884 3687 Et
895 3642 934 3702 qni
946 3637 1072 3702 Myrtoas]
1092 3635 1121 3683 Id
1133 3644 1177 3691 est,
1189 3636 1241 3683 Nec

732 3714 853 3762 vdabimus
871 3729 949 3769 arum,
961 3711 1002 3776 qui
1021 3711 1124 3775 aliquem
1141 3708 1165 3755 in
1177 3723 1241 3755 mare

747 3788 942 3854 praecipitaverit:
969 3787 1031 3834 sicut
1051 3784 1138 3847 Pelops
1156 3781 1242 3846 Myrti-

745 3862 794 3910 lum
816 3861 920 3926 aurignm
943 3857 1116 3924 Hippodamiae,
1139 3872 1186 3921 quo
1206 3856 1241 3904 fa-

746 3947 814 3985 vente
826 3952 877 3984 earn
889 3935 985 3988 vicerat,
996 3933 1020 3978 in
1033 3946 1096 3978 mare
1107 3928 1240 3994 praecipita·

745 4010 786 4064 vit,
799 4026 813 4057 a
823 4026 869 4073 quo
878 4024 941 4055 mare
953 4008 1074 4069 Myrtoum
1084 4003 1174 4050 dictum
1184 4013 1229 4051 est.

777 4086 834 4131 209.
854 4083 900 4129 Nec
918 4079 1023 4142 proauo]
1041 4076 1156 4125 Tantalus
1169 4093 1237 4142 proa-

195 4157 285 4222 equor]
314 4158 386 4223 lego,
407 4160 446 4207 cui
465 4160 560 4220 trepidos
580 4157 617 4205 Sol
638 4161 695 4220 dupe
745 4174 788 4220 vus
798 4154 904 4204 Menelai
915 4162 940 4202 et
953 4152 1047 4217 Pelopis
1056 4159 1132 4216 pater.

810 4236 862 4283 1’3
