2896 4980
487 314 701 383 AMDRUM
726 316 816 380 LIB.
841 314 909 380 llI.
930 319 964 381 2.
1173 312 1236 379 401

200 492 325 567 Invida
341 493 459 568 restis
476 514 571 577 eras,
590 514 677 587 quae
694 502 771 564 tam
790 490 888 562 bona
904 512 1013 562 cmra
1028 487 1200 584 tegebas:

244 609 407 707 Quoque
423 610 544 704 magis
562 618 725 706 spectes,
744 604 869 680 invida
885 607 999 680 vestis
1017 628 1112 678 eras.

196 722 297 800 Talia
314 725 500 799 Milanion
518 723 713 797 Atalantes
730 745 840 795 crura
855 720 999 819 fugacis

243 840 401 940 Optavit
417 839 591 914 manibus
609 838 831 911 sustinuisse
848 837 939 910 suis.

198 956 299 1032 Talia
315 957 520 1031 succincta
537 955 742 1053 pinguntur
758 976 867 1026 crura
885 953 1030 1036 Dianae,

244 1074 343 1147 Cum
362 1073 534 1169 sequitur
549 1070 677 1155 fonce,
696 1068 825 1141 sortior
841 1069 936 1166 ipsa,
953 1068 1063 1142 seras.

198 1186 266 1264 His
282 1213 355 1286 ego
372 1210 447 1261 non
463 1187 553 1260 visis
571 1186 656 1259 arsi.
686 1185 776 1282 quid
795 1184 860 1258 liet
876 1186 925 1258 ab
943 1185 1049 1258 istis?

246 1306 291 1380 ln
306 1306 499 1380 flammam
516 1304 699 1388 flammas,
718 1303 756 1375 in
774 1327 876 1377 mare
893 1303 1017 1376 fundis
1035 1325 1166 1400 aquas.

199 1420 378 1520 Suspicor
394 1444 443 1495 ex
461 1421 542 1493 istis
560 1433 599 1494 et
615 1431 741 1495 cetera
758 1444 870 1519 posse
888 1420 1048 1517 placere,
1187 1420 1236 1489 35

245 1536 339 1623 Quae
357 1540 456 1612 bene
474 1538 545 1610 sub
563 1539 665 1612 tenui
683 1538 835 1612 condita
850 1547 955 1611 veste
971 1535 1100 1610 latent.

197 1651 263 1728 Vis
279 1663 409 1728 tamen
425 1653 568 1727 interea
583 1652 712 1727 faciles
730 1676 918 1728 arcessere
936 1662 1080 1739 ventos,

247 1769 352 1855 Quos
369 1769 484 1842 saciat
500 1769 627 1842 nostri
645 1780 747 1843 mota
763 1768 902 1843 tabella
918 1768 1057 1841 mauu?

198 1885 257 1958 An
273 1885 394 1982 magis
412 1884 474 1956 hic
492 1908 598 1956 meus
616 1895 674 1957 est
691 1885 817 1970 animi,
836 1909 910 1958 non
927 1884 1035 1969 aeria,
1054 1895 1180 1970 aestuS,

248 1999 449 2099 Captaque
465 1999 648 2073 femineus
666 2010 819 2099 pectora
835 2012 951 2074 torret
967 2001 1097 2073 amor?
1189 2005 1239 2072 40

201 2113 299 2188 Dum
311 2116 459 2212 loquor,
471 2116 558 2189 alba
570 2118 675 2211 nigro
690 2141 821 2216 sparsa
833 2118 972 2192 esttibi
990 2119 1143 2215 pulvere
1155 2140 1238 2191 ves·

247 2232 408 2305 Sordide
427 2232 474 2305 de
493 2233 600 2305 niveo
618 2256 772 2331 corpore
791 2235 912 2333 pulvis
931 2233 1004 2307 abi.
1159 2232 1237 2326 [tis.

199 2510 389 2576 pompedium,
400 2526 455 2574 qna
466 2512 568 2574 cogebat
579 2521 696 2578 spectato·
746 2514 857 2563 &ltoeuei
877 2514 933 2568 filia,
955 2511 1041 2559 nobilis
1061 2527 1141 2561 ουτω.
1168 2509 1241 2561 ultera

200 2585 383 2635 reaintranuutn
394 2598 513 2648 quemque
530 2585 635 2633 ordinem
647 2601 696 2633 rna-
746 2586 874 2645 Arcadica,
889 2602 961 2651 quarn
978 2584 1070 2650 perdite
1086 2584 1175 2633 amavit
1190 2583 1240 2634 Mi·

199 2673 263 2708 ποτε.
295 2659 386 2708 Bura.
747 2660 835 2717 lauiuu,
857 2670 882 2711 et
902 2675 956 2724 quai
979 2657 1150 2722 specioaittima
1172 2673 1241 2708 crura

232 2733 274 2781 28.
293 2733 386 2796 Quoque
405 2734 477 2798 mugit
494 2734 596 2796 speclea]
617 2735 697 2782 Peccet
747 2731 839 2782 habuit.

199 2805 393 2863 inmortalibus,
405 2806 470 2871 quod
481 2822 527 2855 uon
538 2807 696 2863 invenustum,
781 2807 901 2873 Fugerit]
917 2804 1022 2861 Velocis¹
1036 2808 1127 2855 celeris.
1155 2807 1225 2856 Ctor.

200 2879 312 2931 Heinsius
328 2888 459 2929 notaverat.
475 2881 518 2929 aed
534 2893 616 2943 queem
633 2890 696 2930 reete
780 2882 818 2929 38.
838 2881 899 2934 Quot
908 2878 989 2943 saciat
1003 2883 1081 2928 nottrd
1089 2889 1149 2929 motu
1159 2882 1242 2929 tubello

200 2953 300 3013 Matius,
318 2969 361 3022 pro
382 2955 465 3018 uliquis
483 2965 601 3016 spectaret,
621 2955 696 3022 capit.
747 2955 841 3019 num]
860 2953 928 3003 Male
938 2952 1036 3018 qnidam
1040 2954 1148 3019 stabello,
1160 2963 1243 3005 contra

198 3038 299 3092 epotare
308 3043 365 3079 vero
379 3027 419 3076 liic
438 3037 475 3076 eat
491 3028 616 3086 mimate,
628 3044 696 3094 repu·
747 3030 815 3078 roetn'
825 3030 891 3093 legen
899 3028 1056 3078 etaermonir:
1068 3029 1164 3079 flabella
1170 3031 1242 3088 enim,

196 3101 410 3159 manuninum.
444 3100 535 3150 Bura.
579 3127 583 3133 ·
747 3105 835 3154 tudelle
849 3112 946 3154 orante
964 3102 1029 3168 ligno
1043 3104 1100 3153 exili
1120 3102 1242 3163 caulem,

231 3176 274 3225 Ὠ.
292 3176 360 3224 Talia
374 3175 500 3231 Milanion,
516 3177 574 3241 dra]
592 3177 638 3225 Vel
655 3192 696 3241 po-
747 3194 807 3244 quas
824 3178 904 3227 arium
922 3176 1017 3242 plumis,
1033 3188 1058 3226 et
1074 3176 1242 3231 maximarum

196 3250 248 3300 tina
265 3248 465 3305 mahometem
482 3250 524 3316 qui
539 3251 697 3317 Hippomene,
747 3251 851 3317 quidem,
872 3250 1011 3301 induebant.
1042 3250 1111 3320 Sapo
1129 3251 1201 3303 etiam
1219 3255 1245 3305 io

199 3323 324 3375 Atalantes
334 3324 435 3390 conjux:
446 3323 497 3373 vid.
509 3323 620 3392 Apollod.
630 3323 696 3373 Bibl.
747 3325 811 3375 huuc
827 3340 896 3375 usum
912 3341 1031 3393 pauonum
1045 3327 1127 3378 cauda
1145 3327 1244 3381 adhibe·

198 3397 237 3449 iii.
250 3399 275 3449 9.
291 3409 316 3449 et
326 3414 381 3464 quta
395 3398 421 3445 iu
432 3398 504 3447 oto.
514 3400 579 3449 Clar.
606 3399 695 3462 Hepue.
747 3401 845 3460 bantur,
862 3416 907 3450 uec
919 3416 971 3450 raro
980 3401 1039 3453 varii
1050 3403 1123 3470 panni
1133 3404 1158 3454 iu
1169 3418 1243 3454 unum

199 3470 371 3522 relatiuam
388 3472 697 3537 nostramquadelllela·
747 3473 886 3524 funiculum
896 3475 958 3524 inter
967 3490 993 3524 se
1003 3477 1118 3542 colligati.
1145 3479 1244 3548 Duplex

199 3545 271 3597 niune
287 3543 390 3611 quodam
406 3544 471 3610 apud
486 3546 604 3613 Aristoplr.
620 3545 698 3609 Lpais·
748 3556 828 3598 autern
837 3550 985 3600 {labellorum
998 3550 1061 3616 apud
1072 3562 1162 3605 veteres
1176 3569 1242 3607 nans.

198 3627 257 3670 uta
268 3620 324 3668 tao.
333 3627 454 3669 narratur:
472 3620 544 3668 nostri
551 3635 605 3668 vero
616 3621 697 3669 memi-
748 3636 801 3685 qun
810 3630 835 3671 et
843 3625 952 3672 umbellas
961 3622 1123 3688 adpellabant,
1130 3640 1173 3675 seu
1184 3628 1245 3675 aeria

200 3694 238 3743 nit
247 3694 354 3761 Propert.
365 3694 382 3742 i.
393 3693 462 3757 Eleg.
471 3693 486 3740 i.
498 3695 522 3741 9.
747 3694 900 3759 refrigerandi
911 3712 1040 3752 causamn
1051 3698 1081 3746 ad
1092 3696 1220 3761 abigendas
1231 3714 1245 3747 a

235 3768 349 3817 Milanion
359 3770 434 3816 nullut
437 3767 563 3831 fugiendo.
578 3765 652 3818 Tolle.
665 3769 698 3815 lu·
748 3770 919 3820 somniantibus
939 3784 1041 3818 musca.
1073 3770 1190 3822 Gerendrs
1217 3785 1245 3818 ac

266 3844 334 3898 buret,
749 3842 909 3893 custodiendis
917 3843 1018 3892 flabellis
1027 3843 1160 3908 peculiares
1171 3844 1245 3893 ancil-

233 3918 347 3966 amatam
357 3919 421 3964 darre
431 3919 533 3964 mntudlt
545 3915 640 3964 luridos.
749 3915 786 3963 lau
796 3916 924 3973 habebant,
934 3930 994 3980 quaa
1011 3931 1131 3965 amouere
1143 3916 1245 3983 ipeostu.

579 3989 668 4038 Auta.
751 3990 865 4049 belliferas
875 3989 962 4043 vocari,
975 4005 988 4036 e
1000 3989 1086 4036 Plauto
1103 4000 1126 4037 et
1136 3990 1245 4041 Terentio

236 4063 376 4125 Atalanta]
411 4063 471 4109 Dua
495 4061 605 4110 luerunt:
626 4063 700 4112 altera
750 4060 892 4127 colligimus.
924 4060 1013 4110 Auru.

270 4142 345 4190 tot.
357 4143 379 4189 l.
780 4140 805 4188 D
816 4143 830 4190 d
