2896 4980
477 310 702 380 AMORUM.
741 312 832 378 LIB.
856 313 886 377 l.
907 313 959 379 10.
1183 319 1249 385 829

207 481 336 558 Donec
354 507 438 558 eras
455 486 629 584 simplex,
649 487 813 561 animum
830 511 917 560 cum
931 511 1085 586 corpore
1103 493 1242 566 amavi:

253 599 365 674 Nunc
383 603 519 675 mentis
536 603 626 676 vitio
643 605 734 677 laesa
748 603 869 700 figura
885 615 951 677 tua
967 615 1037 678 est.

205 713 252 789 Et
269 740 364 813 puer
381 728 440 792 est
456 728 495 792 et
511 720 635 792 nudus
652 719 779 793 Amor.
808 721 888 794 sine
905 721 1078 795 sordibus
1097 747 1226 810 annos,

154 842 161 849 “
251 830 302 905 Et
318 833 441 906 nullas
458 845 595 919 vestes,
614 844 657 907 ut
673 835 722 907 sit
738 846 903 933 apertus,
923 836 1049 910 habet.
1199 845 1243 913 15

204 943 301 1030 Quid
319 940 478 1046 puerum
495 948 654 1024 Veneris
672 951 792 1048 pretio
810 962 979 1048 prostare
992 953 1161 1048 jubetis?

251 1060 336 1146 Quo
354 1056 515 1162 pretium
534 1066 684 1152 condat,
703 1090 777 1138 non
795 1066 909 1139 habet
925 1065 988 1140 ille
1006 1067 1140 1141 sinum.

204 1174 285 1250 Nec
303 1177 434 1252 Venus
452 1192 542 1277 apta
557 1180 657 1266 feris,
677 1181 834 1255 Veneris
852 1206 923 1255 nec
940 1182 1052 1270 filius,
1071 1185 1208 1259 armis:

251 1291 288 1366 N
291 1317 340 1366 on
357 1295 469 1368 decet
486 1295 656 1369 imbelles
674 1320 748 1369 aera
764 1320 908 1370 merere
928 1297 1043 1371 Deos,
1194 1307 1244 1373 20

205 1404 288 1482 Stat
303 1412 482 1483 meretrix
499 1421 601 1484 certo
619 1411 736 1484 cuivis
755 1413 965 1485 mercabilis
984 1437 1080 1501 aere3

252 1521 303 1596 Et
319 1525 475 1600 miseras
489 1528 597 1623 jusso
614 1550 769 1623 corpore
787 1527 922 1624 quaerit
938 1552 1043 1625 opes.
1161 1514 1167 1523 ’

160 1704 168 1719 .
204 1636 373 1714 Devovet
389 1642 586 1740 imperium
604 1653 731 1716 tamen
747 1643 828 1716 haec
846 1644 991 1717 lenonis
1010 1646 1131 1721 avari:

225 1778 230 1783 ·
252 1753 315 1842 Et,
334 1758 437 1855 quod
453 1782 520 1831 vos
536 1758 658 1831 facitis
677 1770 824 1856 sponte,
843 1772 976 1834 coacta
992 1760 1093 1834 sacit.

204 1869 350 1946 Sumite
368 1873 407 1945 in
424 1874 639 1970 exemplum
657 1875 824 1970 pecudes
841 1875 984 1949 ratione
1001 1887 1185 1952 carentes.
1195 1884 1244 1952 25

250 1986 377 2087 Turpe
394 1989 466 2063 erit
483 1988 672 2084 ingenium
690 1989 817 2063 mitius
835 2013 919 2064 esse
936 1990 1036 2064 feris.

203 2101 290 2178 Non
301 2128 404 2202 equa
418 2128 553 2177 munus
567 2127 720 2200 equum,
733 2128 807 2176 non
821 2116 968 2179 taurum
978 2130 1093 2179 vacca
1107 2132 1244 2205 popos-

250 2219 288 2293 N
290 2245 340 2295 on
357 2221 453 2294 aries
471 2219 648 2316 placitam
665 2243 819 2293 munere
837 2231 966 2317 captat
982 2245 1102 2296 ovem.
1154 2223 1241 2317 [citz

201 2335 294 2410 Sola
308 2336 387 2411 viro
403 2334 537 2408 mulier
554 2334 682 2432 spoliis
700 2336 846 2408 exultat
863 2336 1044 2410 ademtis:

251 2451 344 2526 Sola
357 2451 458 2526 locat
474 2459 626 2523 noctes:
655 2450 736 2522 sola
752 2449 912 2523 locanda
927 2451 1041 2523 venit.
1194 2454 1245 2523 30

200 2566 252 2643 Et
261 2568 403 2655 vendit,
415 2567 519 2666 quod
534 2578 736 2662 utrumque
749 2567 868 2661 juvat,
883 2566 986 2662 quod
1001 2575 1159 2662 uterque
1176 2588 1243 2662 pe·

250 2682 303 2758 Et
319 2685 493 2784 pretium,
513 2683 643 2781 quanti
661 2683 823 2778 gaudeat
841 2682 935 2779 ipsa,
955 2680 1055 2754 facit.
1098 2682 1241 2775 [tebat:

200 2798 298 2885 Quoe
314 2799 443 2874 Venus
461 2824 508 2873 ex
527 2824 637 2898 aequo
653 2810 810 2873 ventura
826 2809 885 2872 est
902 2808 1009 2893 grata
1025 2797 1186 2884 duobuS,

249 2915 382 2991 Altera
397 2941 465 2990 cur
481 2918 583 2991 illam
601 2917 741 3003 vendit,
761 2927 800 2990 et
817 2914 911 2988 alter
928 2912 1044 2992 emit?

200 3030 282 3129 Cur
297 3033 389 3107 mihi
407 3033 457 3106 sit
472 3035 622 3119 damn0,
641 3032 710 3104 tibi
727 3030 777 3103 sit
792 3030 940 3102 lucrosa
955 3029 1140 3125 voluptaS,
1193 3031 1242 3100 35

248 3144 374 3233 Quam
392 3149 494 3222 socio
511 3159 615 3222 motu
632 3147 772 3222 femina
788 3146 917 3242 virque
936 3143 1083 3217 ferunt?

200 3260 290 3337 Non
306 3265 404 3338 bene
421 3265 598 3337 conducti
614 3263 781 3336 vendunt
799 3259 961 3358 perjuria
977 3270 1115 3332 testes:

250 3377 288 3451 N
290 3402 339 3452 on
357 3380 455 3452 bene
472 3379 602 3453 selecti
615 3377 754 3474 judicia
772 3399 859 3448 arca
877 3385 991 3473 patet.

195 3683 310 3737 wetti:
317 3682 414 3742 dieitur,-
422 3693 449 3734 ut
462 3684 569 3734 similitet
578 3683 697 3733 Martialis
748 3682 841 3730 cenum
851 3690 895 3739 est,
901 3682 959 3747 quia
969 3679 1082 3744 inscripta
1091 3688 1142 3728 ent
1150 3678 1243 3728 cellula

195 3767 222 3811 1
230 3758 284 3809 thi-
300 3756 358 3808 hine
372 3762 520 3822 prataria
533 3761 694 3821 maiatum,
746 3755 874 3820 unicuique
883 3771 982 3810 mercen,
993 3768 1064 3819 quam
1074 3752 1186 3816 captabat
1194 3768 1243 3799 me·

196 3840 325 3883 {tumt-
357 3831 447 3881 Bunu.
745 3828 1037 3887 retri13vid.adPetron.
1047 3842 1101 3889 cap.
1112 3823 1163 3871 viii.
1182 3824 1241 3878 Qua

227 3906 272 3957 21.
290 3907 380 3972 Certa]
400 3904 694 3956 circumcinctam·
745 3904 778 3951 m'a
795 3904 922 3951 mercabilis
939 3917 990 3953 m,
1007 3899 1075 3946 multi
1092 3912 1121 3945 ex
1140 3896 1242 3961 scriptia.

196 3993 236 4037 D·
248 3979 317 4031 nde
333 3979 388 4046 quit
399 3980 431 4030 de
445 3981 597 4031 Circensibus
613 3977 696 4045 pronti·
746 3977 809 4042 quod
820 3976 881 4025 male
892 3972 990 4039 am'puit
1000 3971 1103 4020 Mariua.
1135 3971 1224 4019 Banu.

195 4054 694 4122 humamanam:
