2896 4980
195 368 259 431 186

490 360 528 425 Ρ.
553 359 713 427 OVIDII
739 358 948 426 NASONIS

197 540 330 611 Atros
348 560 516 609 erronem
534 535 665 607 tellure
684 533 862 606 remittite
880 545 1060 620 nostrum,

249 654 423 726 Nisiades
441 660 591 733 matres,
614 650 864 745 Nisiadesque
883 674 1008 723 nurus.

198 770 283 843 Neu
301 795 365 841 ros
384 769 573 865 decipiant
591 767 736 837 blaudae
756 767 952 839 mendacia
968 768 1117 863 linguae.
1184 768 1228 839 55

248 886 340 968 Quae
359 885 450 956 dicit
467 884 585 967 robis,
605 882 751 954 dixerat
769 896 855 954 ante
873 883 976 955 mihi.

196 1001 253 1073 Tu
264 1026 415 1098 quoqne
428 1025 510 1095 quae
525 1013 670 1071 montes
682 999 861 1084 celebras,
877 998 1051 1096 Erycina,
1066 1000 1226 1082 Sicanos

246 1117 363 1213 (Nam
382 1131 446 1189 tua
464 1116 563 1207 suni)
582 1115 656 1186 vati
675 1116 840 1199 consule,
862 1115 970 1192 Diva,
990 1127 1076 1187 tuae.

197 1233 256 1303 An
274 1233 394 1327 gravis
414 1234 604 1328 inceptum
623 1232 767 1327 peragit
787 1230 951 1303 Fortuna
967 1243 1146 1315 tenorem,

247 1347 297 1420 Et
314 1361 440 1420 manet
458 1348 496 1417 in
514 1371 623 1418 eursu
642 1370 790 1442 sernper
808 1350 944 1419 acerba
961 1348 1051 1420 suo?
1183 1350 1227 1418 60

198 1464 275 1535 Sex
294 1464 382 1534 rnihi
402 1463 544 1535 natales
563 1463 705 1546 ierant3
736 1485 821 1532 euru
841 1464 938 1535 lecta
955 1462 1120 1559 parentis

247 1580 344 1652 Ante
362 1580 461 1652 diern
480 1580 650 1651 lacrimas
669 1602 754 1650 ossa
771 1579 898 1652 bibere
917 1603 1033 1652 meas,

197 1890 375 1954 repudiandum.
398 1906 452 1939 curn
471 1893 504 1939 itn
522 1906 545 1942 et
562 1896 586 1941 in
607 1909 690 1940 uorem

196 1964 318 2013 ernlreibus
329 1965 392 2029 apud
404 1966 489 2028 Virgil.
501 1968 533 2014 iv.
548 1968 599 2015 llel.
634 1968 690 2013 Siei-

197 2040 345 2093 intenditur,
365 2057 423 2103 quos
439 2041 550 2089 Heinsius
567 2042 633 2095 vidit,
650 2058 690 2089 er-

196 2123 250 2169 stet,
267 2124 291 2162 et
307 2114 398 2162 Pierius
416 2125 513 2162 testetur·
530 2115 553 2162 in
574 2115 690 2180 plerisque

197 2187 300 2251 antiquis
309 2188 412 2253 reperiri,
422 2188 479 2235 lieet
489 2189 604 2253 repudiet.
638 2190 692 2236 Non

196 2271 276 2310 autem
294 2263 396 2310 voluisse
413 2262 483 2309 modo
502 2279 552 2311 esse
571 2262 692 2310 Sieilidonr

196 2336 346 2401 Sapphused
357 2335 429 2383 etiam
440 2335 484 2383 sibi
496 2336 603 2383 exsilium
615 2336 691 2383 indir-

195 2407 251 2464 isse,
264 2420 288 2458 et
304 2409 386 2457 relicta
402 2409 478 2474 patria
496 2409 580 2457 abiisse
598 2409 622 2456 in
634 2409 691 2457 Sici-

196 2482 261 2537 liam,
278 2494 305 2532 ut
320 2484 415 2531 Phaone
431 2500 473 2530 suo
487 2483 531 2531 frui
548 2492 633 2548 posset,
645 2483 690 2530 Ar-

196 2557 281 2605 choute
300 2557 423 2613 Aristocle,
442 2557 511 2604 docet
531 2574 571 2604 nor
590 2559 693 2604 hlarnror

196 2631 382 2680 hrundelinnum
397 2632 421 2679 in
433 2631 538 2695 Epoeha.
557 2634 597 2679 37.
613 2648 627 2678 a
642 2631 692 2677 Sel·

196 2704 257 2752 deno
272 2706 371 2753 edituro.
384 2705 433 2752 vid.
452 2706 555 2752 Marmor
571 2708 649 2753 Oxou.
666 2721 691 2768 p.

199 2780 251 2826 tor.
263 2780 326 2843 quod
338 2780 415 2827 nescio
426 2796 456 2827 an
467 2779 592 2843 quisquam
608 2788 692 2843 prute-

196 2870 236 2902 rea
246 2855 362 2901 memoriae
373 2854 510 2918 prodiderit.
532 2856 619 2902 lhnu.

227 2931 268 2977 54.
288 2929 392 2976 Nisiades
403 2939 492 2983 matres,
503 2930 564 2991 bro]
587 2929 692 2975 Nisiades

195 3001 265 3049 ‹lietae
286 3004 448 3065 Megarenses,
472 3013 496 3050 et
521 3003 634 3050 universu-
656 3003 691 3049 Si-

196 3076 266 3131 eulre,
289 3087 382 3140 propter
401 3078 519 3125 eonditum
538 3080 619 3125 urbern
639 3078 691 3124 hle-

196 3166 253 3212 gara
270 3150 366 3206 Siciliae,
380 3153 409 3199 ab
428 3152 510 3199 incolis
528 3152 612 3200 :ltricae
628 3153 692 3200 urbis

196 3225 357 3287 hlegarorum,
372 3243 424 3289 qua*
436 3236 459 3273 et
476 3227 543 3273 h'iseu
555 3227 619 3275 dieta
631 3228 691 3274 unti-

195 3297 275 3360 quirur
292 3299 321 3344 ab
336 3315 390 3362 rege
408 3299 472 3345 h'isn.
510 3301 615 3348 ,t'eumtes
627 3302 691 3356 olirn,

195 3370 234 3417 vel
245 3387 260 3417 a
274 3372 356 3419 Neside
373 3372 450 3419 insula
465 3374 611 3437 Campaniae,
624 3375 660 3422 rel
678 3392 692 3423 a

198 3445 267 3491 Nerio
294 3446 387 3507 regione.
412 3447 475 3494 cirea
500 3449 606 3495 rlltnarn.
642 3449 691 3495 :lli-

197 3528 287 3581 quanto
318 3528 396 3566 taurea
423 3520 567 3583 probabilius
592 3522 617 3568 J.
648 3523 691 3571 l'h.

197 3592 321 3645 (horride,
344 3594 373 3640 ad
400 3593 560 3647 Charitonern,
584 3611 609 3657 p.
633 3599 690 3645 5⁴1.

199 3666 305 3713 Nestorius
315 3667 378 3730 apud
390 3668 500 3714 Nostrum
515 3668 591 3715 «licus
601 3670 692 3719 Siculus

196 3740 347 3797 existimarit,
359 3741 422 3804 quod
437 3741 517 3788 sieilia
533 3742 584 3806 ipsa
598 3760 639 3807 per·
650 3762 690 3793 er-

195 3814 330 3862 eelleutianr
354 3824 437 3862 rorata
460 3818 536 3873 νῆσος
559 3828 583 3864 et
605 3820 690 3876 νᾶσος.

194 3888 305 3936 Lessrr.

228 3965 269 4010 55.
289 3963 336 4011 Nec
354 3980 390 4010 tau
406 3965 518 4025 decipiunt
530 3966 617 4013 hlorulr
628 3983 688 4015 rnen-

773 1894 814 1941 57.
829 1893 863 1941 Tu
870 1911 1009 1956 ‹pioqueqnu
1021 1890 1125 1951 mentre]
1140 1888 1227 1951 Tuque·

741 1983 835 2028 queque
845 1970 939 2014 immitet
949 1964 1065 2029 legiturin
1072 1973 1178 2027 utroque,
1187 1976 1229 2025 quo

742 2050 802 2097 utor,
815 2041 884 2091 libro,
901 2040 981 2087 l'atie.
993 2048 1017 2087 et
1027 2038 1098 2085 staff.
1115 2037 1156 2085 alii
1170 2034 1229 2100 {jhm

741 2115 870 2180 repperisse
886 2131 911 2162 se
923 2115 947 2162 in
963 2112 1015 2161 aliis
1025 2114 1068 2160 lib.
1080 2110 1178 2175 deriptis,
1186 2124 1230 2173 qu

741 2200 824 2236 orontes
840 2192 943 2244 celebras,
959 2198 1005 2235 ere.
1041 2186 1113 2234 Dicta
1127 2192 1163 2233 etl
1174 2182 1229 2246 Ery·

742 2268 793 2310 cino
806 2266 888 2312 l'enns
898 2266 928 2311 ab
939 2264 1014 2325 Eryce
1025 2270 1113 2314 moute,
1123 2259 1164 2307 uhi
1172 2256 1230 2306 cole·

742 2338 825 2387 hatur:
844 2338 894 2402 qui,
909 2348 933 2385 ut
947 2336 1028 2383 scribit
1041 2332 1153 2399 Polybius
1163 2330 1204 2379 lib.
1213 2331 1229 2379 i.

741 2413 845 2460 ornninru
871 2412 957 2459 Sicilia:
988 2409 1111 2461 montium,
1138 2412 1231 2470 excepto

744 2490 824 2541 .l*'.tna,
836 2487 961 2534 altissimus
981 2494 1030 2533 est:
1048 2500 1078 2531 ea
1098 2492 1172 2548 pane,
1188 2493 1232 2544 qm

744 2562 835 2609 ltaliarn
855 2571 955 2625 spectat,
976 2560 1036 2606 inter
1054 2559 1192 2622 Drepanum
1210 2559 1233 2601 et

746 2637 902 2682 l’nnorniurn:
921 2635 944 2681 in
960 2636 1011 2698 ejus
1023 2632 1111 2679 vertice
1121 2630 1177 2678 satis
1186 2642 1231 2677 tm·

743 2709 782 2773 pla
790 2720 825 2755 est
835 2709 957 2773 planicies,
968 2708 1007 2756 ubi
1018 2707 1117 2755 Veneria
1124 2702 1231 2770 templum

742 2784 846 2830 omniurn
857 2783 942 2831 Siciliae
954 2782 1094 2846 templorum
1104 2780 1174 2843 longe
1184 2776 1232 2844 pul-

742 2858 890 2909 cherrinnnn,
904 2857 1020 2921 longeque
1036 2852 1232 2919 opulentissimum

742 2932 796 2979 fuit.
814 2931 951 2979 Crornsus.
970 2931 1030 2977 llaec
1041 2942 1136 2992 quoque
1146 2942 1160 2974 a
1170 2924 1230 2973 Natr-

742 3007 815 3070 geria.
852 3007 872 3052 N
876 3022 913 3053 arn
925 3004 995 3052 nostri
1007 3018 1088 3050 omnes
1098 3003 1191 3048 immites
1198 2997 1231 3045 Si·

742 3098 815 3136 urnos,
828 3089 853 3127 ut
864 3080 894 3127 ad
910 3078 1002 3126 I'alieos
1012 3076 1132 3141 respiciat,
1142 3074 1182 3139 qui
1192 3072 1230 3121 hrr-

743 3155 818 3203 uranie
829 3154 909 3201 hostiis
917 3154 1081 3217 placabantur.
1091 3149 1146 3199 vide.
1156 3146 1230 3197 Schol.

741 3230 801 3277 Stat.
811 3229 887 3275 Theb.
898 3228 940 3275 xii.
957 3228 1011 3275 156.

838 3302 1018 3348 ——Sieu
1023 3301 1096 3361 larque
1107 3300 1179 3347 licebit

778 3377 875 3424 litorum!
889 3378 1084 3423 Dente-‘—

742 3452 787 3498 Sed
809 3461 902 3515 prnstat
933 3447 1085 3510 Naugeriana
1111 3443 1188 3495 lectio,
1207 3447 1230 3489 ut

744 3526 804 3588 Eryx
820 3523 1019 3584 subintelligatur,
1040 3536 1055 3566 a
1071 3535 1119 3584 quo
1138 3515 1230 3581 Erycina

742 3597 792 3645 lune
804 3598 849 3645 dea
859 3597 924 3643 ‹liera
935 3604 969 3643 est
983 3594 1072 3641 Poetis.
1105 3592 1228 3639 llrrrssrru.

744 3672 818 3719 llecte
825 3671 977 3718 ernernluturn
989 3677 1083 3715 nrrrntrs:
1096 3675 1122 3713 nt
1132 3676 1156 3713 et
1166 3664 1229 3711 babet

742 3745 849 3792 Francos.
868 3744 955 3791 crnlex:
980 3742 1095 3807 ternplum
1111 3739 1173 3787 enirn
1188 3735 1228 3784 l'e·

742 3819 803 3866 ner-is
821 3817 926 3881 Erycina
943 3818 967 3863 in
984 3826 1063 3863 monte
1078 3813 1191 3878 positum
1206 3814 1229 3854 ut

741 3892 854 3939 exhibent
875 3891 962 3938 nunnui
984 3899 1084 3943 veteres,
1106 3902 1163 3950 quor
1181 3878 1228 3930 vide

741 3967 803 4031 apud
827 3966 916 4013 lllustr.
933 3964 1063 4029 spanhem.
1083 3961 1184 4009 Dissert.
1199 3953 1227 4001 ti·

195 4039 262 4082 dacia
278 4037 384 4100 linguan]
403 4039 502 4094 Caussa,
520 4054 561 4086 eur
581 4040 663 4088 Phaon
677 4058 691 4088 a
740 4057 796 4105 pag.
808 4042 865 4088 577.
882 4040 912 4087 de
929 4037 1064 4104 praestantia
1081 4045 1105 4084 et
1122 4050 1165 4083 usu
1182 4030 1228 4111 Ntt·

194 4109 280 4159 Siculis
290 4111 427 4162 mulieribus
437 4112 585 4179 reeipiendus
596 4130 642 4162 uon
652 4116 689 4164 sir.
740 4115 818 4162 mism.
842 4113 888 4161 Ed.
910 4114 1004 4177 prirnae5
1030 4120 1055 4159 et
1076 4108 1190 4159 Vaillant·
1206 4115 1230 4150 ¹¹¹

195 4184 266 4233 Cror.
741 4188 951 4237 Gentet'onsidia.
987 4187 1076 4236 Brun.
