2896 4980
194 381 259 447 162
488 378 527 441 P.
550 374 710 442 0VlDll
737 374 948 442 NASONIS

196 552 271 627 Vix
283 577 390 627 socer
408 551 589 652 Iphiclus,
600 552 662 625 vix
676 576 737 625 me
755 549 976 647 grandaevus
987 548 1164 635 Acastus,
1188 550 1233 623 26

247 670 322 744 Vix
340 680 457 743 mater
475 668 600 764 gelida
616 678 751 741 moesta
768 666 899 741 refecit
915 690 1027 764 aqua.

200 785 375 860 Officium
392 785 514 859 fecere
532 784 637 882 pium
652 812 661 870 ;
691 784 758 857 sed
777 783 907 856 inutile
925 783 1047 856 nobis.

249 901 427 998 Indignor
443 901 589 972 miserae
608 924 683 971 non
700 899 849 972 licuisse
867 899 972 971 mori.

201 1018 254 1092 Ut
271 1019 380 1092 rediit
397 1019 556 1102 animm,
576 1017 714 1114 pariter
732 1016 876 1089 rediere
894 1016 1063 1104 dolores3

248 1134 411 1209 Pectora
427 1134 618 1231 legitimus
635 1145 741 1206 casta
758 1133 958 1206 momordit
975 1154 1091 1205 amor.
1191 1133 1235 1203 30

200 1250 282 1327 Nec
301 1253 392 1325 mihi
410 1251 616 1351 pectendos
635 1275 726 1323 cura
743 1261 801 1325 est
819 1250 985 1348 praebere
1002 1247 1180 1346 capillos:

249 1368 332 1443 Nec
351 1369 444 1442 libet
461 1367 591 1441 auratd
607 1391 765 1463 corpora
779 1376 884 1439 veste
901 1365 991 1461 tegi.

201 1484 256 1557 Ut
272 1509 367 1581 quas
385 1485 587 1584 pampinea
603 1484 772 1580 tetigisse
792 1481 1011 1577 Bicorniger
1028 1479 1138 1553 hasta

252 1600 447 1690 Creditur3
477 1601 550 1674 huc
569 1601 669 1685 illuc,
688 1623 764 1696 quo
782 1598 882 1670 luror
899 1596 987 1693 egit,
1007 1619 1066 1670 eo.

202 1716 440 1789 Conveniunt
449 1729 587 1790 matres
600 1715 833 1813 Phylleides,
846 1723 885 1787 et
894 1713 985 1786 mihi
998 1711 1174 1797 clamant,
1191 1710 1233 1782 35

251 1829 370 1906 Indue
389 1834 547 1929 regaleS,
568 1831 781 1916 Laodamia,
801 1829 917 1902 sinus,

121 1980 136 1997 ν
203 1947 358 2023 Scilicet
374 1950 456 2048 ipsa
473 1973 600 2047 geram
618 1960 802 2023 saturatas
821 1946 962 2020 murice
978 1955 1124 2019 vestes:

253 2063 362 2138 Bella
378 2066 449 2138 sub
468 2064 593 2139 Iliacis
611 2065 796 2138 moenibus
813 2061 876 2136 ille
894 2061 1023 2159 gerat?

204 2179 294 2278 lpsa
310 2205 437 2254 comas
456 2193 606 2279 pectar:
635 2181 743 2278 galea
760 2189 877 2278 caput
892 2178 955 2251 ille
972 2174 1187 2276 prematur?
1282 2202 1286 2209 ·

254 2296 344 2395 Ipsa
361 2322 474 2371 novas
492 2309 637 2372 vestes:
666 2299 760 2372 dura
776 2298 831 2370 vir
848 2320 951 2371 arma
967 2294 1086 2369 serat?
1192 2294 1236 2364 40

233 2500 274 2549 25.
296 2499 336 2547 l'is
362 2518 396 2549 are
418 2503 554 2565 grandevus
582 2502 696 2564 Acestae]
749 2518 785 2565 γει
796 2497 931 2563 ἒνὶννάτῳ
942 2498 1111 2549 θεσσαλιιῦν·

202 2573 305 2623 Dubitat
322 2576 452 2624 flumana.
463 2575 487 2622 in
498 2574 613 2640 Catalogo
623 2576 698 2640 Argo-
781 2573 832 2625 0id⁴
842 2573 910 2639 ἄφαρ
926 2572 1097 2631 ὁπλισθέντες,
1111 2570 1173 2621 lm
1182 2584 1236 2635 ιρι·

202 2658 267 2697 naut.
295 2666 366 2714 quem
387 2648 478 2698 Valerii
500 2649 579 2698 Flacci
602 2650 698 2700 editioni
813 2650 882 2709 varlar
893 2666 952 2697 ποτι
961 2648 1067 2712 φύλλον

201 2722 322 2786 premisit,
333 2732 411 2773 utrum
422 2722 462 2771 hic
475 2723 538 2772 idern
552 2724 583 2773 sit
596 2724 699 2774 Acastus
783 2722 1046 2786 οἶκοῦντες,φυλλεῑς.
1121 2718 1211 2770 Hm

202 2811 257 2844 cum
267 2796 356 2847 Acasto
370 2798 444 2846 Peliae
460 2796 508 2846 flio
519 2805 543 2846 et
557 2799 699 2848 Jasonisso-
751 2796 881 2859 Phylleios
890 2795 1000 2861 cupidius
1010 2797 1041 2844 ab
1052 2791 1239 2852 Heinsiomld·

203 2869 253 2930 cio;
270 2887 300 2920 an
311 2872 342 2920 sit
351 2874 381 2920 alr
391 2888 419 2920 eo
430 2871 535 2921 diversus
545 2873 699 2938 reputandus.
750 2870 840 2919 ratione
857 2870 974 2926 vocabuli,
983 2871 1029 2919 huc
1039 2870 1164 2927 intrusum,
1174 2882 1240 2935 qu

202 2944 251 2992 Vix
263 2945 325 2992 enim
338 2946 388 3010 jam
400 2945 504 3009 Vopisco
520 2946 583 2995 visus
594 2946 634 2995 ille
646 2948 700 2995 vitae
750 2945 835 3001 verius,
846 2954 927 2993 censet
943 2943 1144 3001 llemsterlrusiars,
1154 2942 1185 2993 sd
1197 2942 1240 2993 h·

203 3026 296 3083 tempus
318 3019 347 3067 ad
368 3020 471 3084 Trojana
495 3038 569 3085 usquc
596 3031 702 3087 tempora
750 3019 845 3068 cinnum
857 3018 1119 3083 Dialoghlomxxiii.
1144 3018 1240 3069 Cam

204 3092 332 3155 perducere
343 3092 460 3157 potuisse3
477 3094 518 3141 sed
533 3103 600 3158 patet
609 3111 638 3142 ex
650 3096 699 3143 Eu·
751 3102 830 3141 autern
841 3094 953 3142 Heinsius
961 3094 1055 3158 rejectae
1066 3094 1131 3141 absc
1146 3092 1242 3158 vulgato

205 3163 287 3228 ripidis
298 3165 350 3213 loco
362 3167 386 3213 in
396 3165 482 3213 Troad.
501 3167 616 3215 Acastum
628 3168 700 3217 Peliae
750 3167 812 3216 hanc
823 3168 911 3223 attulit,
920 3167 983 3232 quod
995 3167 1095 3233 primam
1104 3167 1130 3216 in
1138 3165 1244 3217 derivat

204 3236 279 3285 filiurn
290 3240 353 3287 ultra
370 3239 442 3287 eliam
457 3241 551 3304 Trojani
566 3243 623 3290 belli
642 3252 701 3291 tem·
752 3257 766 3289 a
786 3240 889 3302 Φυλάκῃ
909 3241 1011 3290 Ovidius
1031 3241 1089 3290 alibi
1109 3241 1243 3307 plerunque

205 3326 263 3377 pora
276 3313 372 3360 vixisse.
406 3314 476 3362 Adde
494 3316 556 3378 quod
570 3327 593 3364 el
610 3316 649 3367 hic
659 3333 701 3384 pa·
752 3316 875 3379 producat,
886 3316 1005 3381 geminato
1017 3317 1033 3364 l.
1053 3315 1101 3364 Sed
1113 3332 1159 3365 non
1170 3314 1242 3379 tufe-

206 3385 251 3433 tria
267 3386 411 3445 Tbessalus;
428 3398 451 3436 et
466 3388 592 3439 Thessalus
607 3408 701 3456 quoque
751 3390 793 3439 bat
812 3391 886 3439 virum
905 3391 931 3438 in
950 3389 1038 3440 Ouidio
1055 3389 1243 3445 romulidum,

205 3460 428 3526 laodamioepater.
465 3462 505 3509 Via
516 3481 577 3511 socer
590 3464 701 3528 Iphiclus.
751 3464 825 3521 locus,
838 3466 910 3513 Trist.
921 3482 946 3512 v.
958 3465 996 3512 El.
1007 3464 1112 3515 xiv.39:
1138 3465 1171 3513 Ut
1184 3467 1243 3513 alud

205 3535 292 3600 Iphicli
304 3534 395 3599 plures:
413 3535 451 3583 hic
463 3536 562 3600 Phylaci
571 3539 641 3596 filius,
652 3542 701 3589 De·
744 3540 815 3603 fama
825 3544 905 3602 conju:
919 3540 1078 3588 Particum.
1105 3538 1244 3589 Nimim·

202 3608 304 3676 jonisex
316 3608 430 3672 Clymene
443 3625 528 3674 nepos:
540 3611 701 3663 interluitAr·
753 3612 865 3675 Φυλάκῃ,
876 3631 948 3679 quarn
957 3615 1040 3662 urbem
1056 3614 1176 3679 Phylucus
1189 3626 1243 3663 m·

205 3682 322 3748 gonamis.
350 3681 438 3746 pedum
463 3684 587 3734 velocitate
614 3687 701 3737 clarus·
752 3687 852 3745 diderat,
863 3688 951 3753 gentile
962 3698 999 3738 est
1010 3691 1156 3748 Φυλακεῖος,
1168 3686 1243 3738 Ionica

205 3758 288 3824 Apoll.
300 3757 317 3805 i.
329 3757 370 3806 45.
405 3756 495 3805 Arrun.
754 3763 903 3823 Φυλακήῐος.
920 3764 984 3812 unde
1002 3764 1149 3821 femininum,
1161 3762 1243 3827 Phyla-

239 3835 280 3882 35.
300 3832 387 3879 Matres
400 3831 566 3896 Phylaceides]
581 3834 704 3898 Phylaides
753 3841 818 3895 ce'io‚·
842 3848 866 3886 et
885 3839 984 3887 alterum
1003 3838 1092 3902 gentile
1111 3838 1242 3897 Φυλᾳαθε.

206 3909 350 3956 Puteaneus.
373 3906 436 3970 Lege
450 3907 586 3970 Phylleides.
606 3910 704 3973 Phyllos
753 3913 816 3960 unde
829 3914 910 3961 femin.
924 3913 1059 3973 Φιιλακὴῑς,
1071 3930 1118 3978 quo
1128 3911 1165 3962 usi
1174 3909 1243 3979 Apa!-

206 3981 269 4029 euirn
278 3981 407 4030 Thessalia
417 3982 472 4030 urbs
483 3998 529 4030 non
538 3982 624 4040 minus,
632 4000 703 4049 quarn
753 3986 801 4035 lon.
812 3988 829 4034 i.
843 3989 889 4047 47;
906 3998 930 4036 et
946 3987 1043 4045 Statius,
1054 3987 1114 4037 Silv.
1125 4005 1150 4038 v.
1167 3986 1243 4038 Car!-

207 4054 317 4119 Phylace.
334 4054 469 4122 Stephanus
479 4057 623 4122 Byzantius:
636 4060 702 4108 Φυλ·
753 4060 788 4109 ὶίἱ.
800 4063 894 4111 2721„
926 4062 1016 4110 Arrun.

206 4129 266 4188 λοῦς
277 4131 353 4188 πόλις
361 4131 521 4198 ὶνθετταλὸᾳ
532 4131 656 4197 Στράβων
665 4133 704 4184 lv·
787 4138 827 4185 ³9.
845 4136 898 4200 ipsa
911 4154 983 4186 comas
992 4147 1089 4200 pacm,
1100 4137 1168 4202 gale·
1179 4142 1243 4199 *⁸

208 4201 281 4268 vciry,
291 4201 392 4262 Ῥιανὸς
402 4203 427 4254 δὲ
437 4205 535 4270 φύλλον
542 4207 656 4268 Θηλυκῦς
665 4206 704 4255 λέ·
753 4212 794 4259 tta
808 4214 939 4272 premetur?
956 4211 1008 4273 Ipsa
1024 4227 1093 4260 noca
1104 4220 1180 4269 amsa,
1188 4211 1243 4259 dm
