2896 4980
194 414 239 479 74
486 406 524 474 P.
548 405 709 474 ovlnll
733 404 946 474 NASONIS

199 587 271 660 Illa
287 584 358 659 sibi
375 583 503 669 Tanai,
524 582 769 680 Scythiaeque
787 580 986 679 paludibus
1002 578 1091 653 udae

249 702 412 788 Quaerat,
431 711 469 774 et
486 723 509 773 a
524 698 646 797 patria
662 696 847 770 Phasidos
865 720 997 795 usque,
1015 694 1153 769 rimm.

199 818 353 893 Mobilis
372 814 562 901 AEsonide,
580 838 770 911 vernaque
788 813 962 887 incertior
979 834 1083 899 aura,

250 936 329 1009 Cur
344 947 410 1009 tua
426 934 593 1034 pollicito
611 932 776 1031 pondere
794 930 907 1003 verba
922 928 1078 1002 carenti
1174 930 1251 1001 llo

198 1053 265 1127 Vir
281 1077 387 1126 meus
405 1053 493 1124 hinc
512 1052 620 1133 ieras
639 1049 694 1119 vir
711 1072 785 1119 non
804 1070 909 1118 meus
928 1045 1014 1117 inde
1031 1042 1180 1116 redisti.

250 1170 332 1243 Sim
350 1168 499 1242 reducis
517 1167 669 1261 conjux,
689 1164 787 1237 sicut
804 1164 926 1236 euntis
944 1186 1059 1236 eram.

200 1286 242 1361 Si
259 1298 298 1359 te
316 1285 504 1369 nobilitas,
525 1305 779 1379 generosaque
798 1282 949 1353 nomina
964 1290 1150 1377 tangunt3

248 1400 308 1474 En
326 1426 396 1496 ego
415 1400 545 1472 Minoo
564 1410 651 1471 nata
668 1398 838 1471 Thoante
855 1398 964 1471 seror.

200 1516 377 1591 Bacchus
394 1538 506 1599 avus;
538 1513 678 1587 Bacchi
697 1516 835 1610 conjux
854 1513 1026 1588 redimita
1042 1535 1186 1587 corona

252 1633 458 1705 Praeradiat
475 1633 593 1706 stellis
612 1632 719 1728 signa
736 1632 879 1703 minora
896 1630 986 1703 suis.

1172 1632 1246 1703 116

202 1749 282 1824 Dos
299 1750 367 1823 tibi
387 1748 547 1823 Lemnos
564 1750 646 1836 erit,
665 1760 763 1822 terra
781 1748 974 1844 ingeniosa
990 1744 1152 1819 colenti:

249 1864 316 1938 Me
334 1890 485 1963 quoque
502 1891 561 1941 res
576 1867 672 1940 tales
690 1866 786 1938 inter
804 1865 943 1938 habere
966 1873 1089 1962 potes.

200 2090 694 2155 tamadmatrsmquampatremreieratur.

200 2162 291 2211 Harsa.

237 2238 290 2285 106.
308 2238 327 2284 A
345 2237 442 2300 gelida]
472 2238 492 2283 A
515 2236 594 2285 Getico
614 2238 695 2286 mallet

203 2311 323 2360 Francius.
339 2321 363 2359 et
378 2310 412 2359 ita
421 2326 484 2377 sepe
499 2310 523 2358 in
532 2311 647 2360 Tristibus
658 2312 694 2360 hae

200 2400 270 2434 voces
279 2402 295 2433 a
311 2383 410 2433 librariis
425 2394 574 2432 commutata
591 2386 693 2433 luerunt.

199 2461 241 2508 sed
260 2460 292 2507 ibi
312 2458 440 2523 patientius
461 2457 542 2514 ieram,
559 2476 629 2523 quam
648 2460 694 2516 hie,

199 2535 257 2597 quia
270 2535 345 2583 Getas
362 2532 501 2598 Hypsipyle
512 2531 643 2598 incognitos
653 2533 695 2581 ad·

201 2607 246 2656 huc
257 2609 329 2657 inisse
341 2624 400 2656 reor.
435 2608 524 2655 Burin.

236 2684 291 2730 108.
303 2684 322 2729 A
333 2686 411 2743 putria
423 2682 549 2745 Phasidis]
558 2683 634 2732 lanus
642 2682 695 2730 Vli-

200 2754 247 2804 tius
255 2756 393 2819 corrigebat,
404 2776 418 2804 a
426 2759 502 2819 patrio
512 2758 695 2812 l'hun'drnrrmne,

200 2831 242 2878 sed
264 2846 311 2879 non
331 2847 400 2895 opus:
421 2831 499 2896 patria
520 2831 628 2879 Phasidis
652 2840 696 2887 est,

201 2904 260 2961 lons,
271 2905 337 2967 origo
351 2905 430 2964 fluvii3
448 2913 474 2953 ut
486 2904 520 2952 iii.
541 2905 596 2952 hm.
608 2904 642 2952 vi.
654 2906 695 2952 40.

201 2977 231 3025 (le
243 2978 311 3024 Nilo:

235 3052 281 3104 Qui
300 3052 399 3110 patrium
418 3059 487 3098 tuate
507 3060 550 3097 tam
570 3054 623 3097 hene
638 3052 697 3098 relat

267 3140 340 3185 suun.
574 3126 663 3171 Bunsr.

238 3196 291 3242 114.
316 3194 408 3256 Feros]
434 3195 519 3243 Barth.
541 3195 571 3243 ad
592 3198 651 3244 Stat.
672 3214 696 3247 v.

202 3266 279 3315 Theb.
291 3269 348 3315 650.
362 3284 390 3314 ex
402 3269 450 3316 suis
461 3269 602 3317 membranis
611 3270 697 3333 profert

201 3357 287 3402 precave.
299 3340 362 3404 quod
373 3340 477 3405 impense
485 3341 570 3406 placet.
579 3354 603 3389 et
614 3342 697 3391 melius

204 3414 329 3479 respondet
339 3416 376 3476 τῷ
386 3424 492 3478 tungrim.
503 3432 555 3477 ego.
563 3416 605 3464 illa
613 3417 697 3465 nobilis

204 3487 344 3552 Hypsipyle.
363 3489 461 3553 supplex
483 3505 572 3553 precor.
587 3500 613 3539 ut
628 3507 697 3557 supra

204 3559 304 3608 Phaedra
316 3561 359 3624 Ep.
370 3560 404 3607 iv.

239 3635 303 3682 Victa
311 3651 398 3696 precor,
408 3637 543 3699 genibusque
554 3640 599 3685 tuis
609 3641 697 3703 regalia

266 3712 333 3758 tendo

234 3783 442 3832 Brachia—
573 3784 663 3834 Burs.

235 3858 291 3906 117.
309 3856 453 3923 Ingeniosa]
472 3856 511 3905 Sic
528 3857 569 3905 lib.
580 3858 614 3907 iv.
631 3860 694 3910 Fast.

201 3932 259 3981 684.

264 4006 380 4054 ——Neo
389 4007 454 4053 olitis
464 4004 626 4070 aptoserendr'r

235 4079 313 4136 Terra,
324 4084 362 4128 ssd
368 4084 398 4128 sd
406 4090 488 4144 segetes
497 4082 624 4145 ingeniosus
630 4100 694 4146 ager.

590 4155 661 4205 Cios.

236 4227 292 4274 lis.
311 4227 350 4277 lile
359 4244 443 4292 peropus
451 4234 504 4294 jam
517 4232 572 4279 tolss
582 4234 643 4281 inter
653 4233 695 4282 s·-

744 2095 794 2139 bere
808 2091 891 2154 poten]
911 2089 975 2138 Libri
991 2086 1082 2152 scripti,
1102 2086 1144 2135 sse
1158 2102 1248 2151 qusque

743 2168 801 2226 qaod
819 2168 882 2219 tules,
899 2164 935 2211 vel
953 2180 988 2209 res
1003 2162 1068 2209 tales.
1085 2158 1153 2225 qnod
1163 2168 1246 2225 pute-

744 2240 792 2287 rius
815 2240 902 2287 arridet
922 2234 1096 2300 elegantissimo
1121 2233 1248 2283 Gronosio

744 2312 769 2359 iu
787 2311 996 2361 observationibus
1015 2309 1059 2357 lib.
1076 2308 1111 2357 is.
1128 2322 1186 2373 esp.
1208 2308 1246 2357 xi.

744 2386 785 2450 qui
796 2386 912 2434 videatur.
944 2382 1101 2447 Tanaquillus
1113 2382 1192 2431 Faber
1202 2396 1247 2431 no·

744 2460 775 2507 tis
791 2459 816 2507 in
833 2460 928 2507 Lucret.
942 2458 985 2505 lib.
997 2457 1032 2503 iii.
1048 2472 1074 2521 p.
1086 2455 1146 2503 ssi.
1163 2464 1247 2505 tent&

744 2534 800 2581 bat:

779 2608 818 2655 hle
834 2622 918 2671 qinom
926 2610 980 2669 jum
994 2612 1077 2651 matres
1089 2605 1154 2651 ister
1163 2604 1249 2653 halim

807 2691 878 2743 parles.

746 2758 761 2806 J
763 2772 800 2804 am
816 2766 940 2809 tumeam
954 2752 1005 2800 haec
1020 2750 1138 2799 scribebat
1154 2750 1248 2817 Hypi-

746 2830 809 2894 pyle,
820 2828 908 2893 prolem
916 2843 940 2875 se
951 2824 1069 2891 peperisse
1080 2824 1209 2887 gemellam
1220 2824 1248 2875 in

746 2905 791 2952 hac
801 2905 884 2953 eadem
897 2902 974 2949 innuit
985 2898 1099 2965 Epistola.
1133 2898 1188 2948 Nos
1203 2916 1249 2951 vs-

746 2988 820 3027 tustos
829 2978 922 3026 codices
929 2975 1059 3023 rideamus.
1081 2972 1250 3023 lnl‘otssneo

749 3054 788 3101 ,tle
808 3069 891 3117 partique
911 3052 1026 3114 p....lis.
1043 3046 1115 3095 erasis
1135 3046 1174 3103 iis,
1190 3064 1248 3113 qu

746 3142 788 3189 per
799 3133 887 3189 puncta
897 3123 1059 3186 designantur.
1078 3119 1150 3168 Unde
1161 3121 1249 3172 Meae.

747 3198 823 3245 riacus
835 3198 874 3244 llle
887 3214 920 3243 res
929 3198 1013 3244 dotales
1021 3193 1158 3242 concinnat.
1192 3195 1249 3243 sni-

747 3272 833 3319 masius
842 3271 879 3319 dis
890 3286 973 3333 pirisque
981 3270 1065 3317 dotales
1074 3269 1142 3321 inter,
1151 3282 1196 3333 pro
1205 3272 1249 3319 do-

747 3356 815 3393 tatus.
832 3354 858 3393 ut
877 3362 910 3393 res
925 3346 1010 3392 dotales
1025 3340 1250 3405 subintelligantur.

747 3422 799 3469 lloc
809 3436 888 3468 sensu.
921 3420 974 3467 Non
986 3426 1077 3465 nutum
1087 3416 1191 3465 lemnos
1200 3418 1250 3467 tibi

746 3494 831 3543 dotalis
838 3494 890 3549 erit,
897 3494 938 3543 sed
946 3508 990 3555 ego
999 3507 1092 3556 quoque
1101 3491 1163 3555 ipsa.
1181 3494 1249 3549 Qun

746 3569 881 3633 conjectura
891 3568 924 3615 sic
936 3566 970 3613 illi
988 3564 1086 3631 placuit,
1097 3570 1124 3611 ut
1134 3565 1249 3615 camdem

746 3642 926 3690 Commentariis
939 3641 969 3689 de
985 3638 1056 3686 modo
1072 3652 1204 3696 usurarum,
1221 3650 1250 3689 et

745 3715 826 3764 libello
834 3717 945 3765 adeamus
952 3710 1163 3761 ll'iesembacbium
1173 3729 1250 3779 super

745 3790 821 3838 mutui
832 3789 974 3838 alienatione
984 3785 1119 3835 inculcarit.
1136 3800 1182 3834 nso
1194 3802 1248 3837 me-

745 3862 799 3919 lius,
809 3863 872 3927 quod
888 3879 930 3927 pro
940 3872 1002 3909 terro
1020 3862 1142 3925 bigerricus,
1152 3860 1246 3909 substi-

745 3938 790 3986 lull
802 3940 920 3985 insidiosa.
943 3936 1009 3994 Quid
1019 3937 1088 3999 ergo!
1104 3933 1188 3982 Scribo
1198 3934 1246 3983 ml-

746 4012 810 4059 nima
817 4012 947 4059 mutatione
956 4030 961 4057 z

779 4086 818 4132 Me
833 4103 924 4149 oririque,
942 4096 994 4149 perot
1011 4086 1075 4135 tales.
1085 4085 1145 4130 inter
1161 4084 1248 4135 haben

807 4160 883 4219 furser!
1239 4166 1244 4171 '

745 4232 797 4281 Hoc
806 4231 866 4287 vult,
874 4247 961 4297 paucas
968 4247 1018 4281 esse
1026 4246 1079 4295 quc
1089 4242 1169 4279 secum
1176 4244 1246 4278 com-
