<?xml version="1.0" encoding="UTF-8"?>
<!DOCTYPE html PUBLIC "-//W3C//DTD XHTML 1.0 Transitional//EN"
    "http://www.w3.org/TR/xhtml1/DTD/xhtml1-transitional.dtd">
<html xmlns="http://www.w3.org/1999/xhtml" xml:lang="en" lang="en">
 <head>
  <title>
</title>
<meta http-equiv="Content-Type" content="text/html;charset=utf-8" />
  <meta name='ocr-system' content='tesseract 3.04.00' />
  <meta name='ocr-capabilities' content='ocr_page ocr_carea ocr_par ocr_line ocrx_word'/>
</head>
<body>
  <div class='ocr_page' id='page_1' title='image "./povidiinasoniso01burmgoog_0352.png"; bbox 0 0 2896 4980; ppageno 0'>
   <div class='ocr_carea' id='block_1_1' title="bbox 194 306 948 379">
    <p class='ocr_par' dir='ltr' id='par_1_1' title="bbox 194 306 948 379">
     <span class='ocr_line' id='line_1_1' title="bbox 194 306 948 379; baseline -0.003 0"><span class='ocrx_word' id='word_1_1' title='bbox 194 310 269 379; x_wconf 59' lang='lat'><strong>822.</strong></span> <span class='ocrx_word' id='word_1_2' title='bbox 486 310 526 375; x_wconf 86' lang='grc' dir='ltr'><strong>Ρ.</strong></span> <span class='ocrx_word' id='word_1_3' title='bbox 549 306 711 375; x_wconf 83' lang='lat' dir='ltr'><strong>ovum</strong></span> <span class='ocrx_word' id='word_1_4' title='bbox 735 308 948 377; x_wconf 73' lang='lat' dir='ltr'><strong>Nasum</strong></span> 
     </span>
    </p>
   </div>
   <div class='ocr_carea' id='block_1_2' title="bbox 198 482 1232 1395">
    <p class='ocr_par' dir='ltr' id='par_1_2' title="bbox 198 482 1232 1395">
     <span class='ocr_line' id='line_1_2' title="bbox 198 482 1150 583; baseline 0.002 -26"><span class='ocrx_word' id='word_1_5' title='bbox 198 482 397 582; x_wconf 74' lang='lat' dir='ltr'><strong>Adspiciat</strong></span> <span class='ocrx_word' id='word_1_6' title='bbox 411 483 573 557; x_wconf 83' lang='lat' dir='ltr'><strong>dominae</strong></span> <span class='ocrx_word' id='word_1_7' title='bbox 590 483 784 573; x_wconf 55' lang='lat' dir='ltr'><strong>lacrimam</strong></span> <span class='ocrx_word' id='word_1_8' title='bbox 811 482 976 582; x_wconf 81' lang='lat' dir='ltr'><strong>plorabit</strong></span> <span class='ocrx_word' id='word_1_9' title='bbox 989 492 1031 557; x_wconf 88' lang='lat' dir='ltr'><strong>ct</strong></span> <span class='ocrx_word' id='word_1_10' title='bbox 1047 482 1150 583; x_wconf 85' lang='lat' dir='ltr'><strong>ipse:</strong></span> 
     </span>
     <span class='ocr_line' id='line_1_3' title="bbox 250 598 1229 696; baseline 0.002 -23"><span class='ocrx_word' id='word_1_11' title='bbox 250 598 301 673; x_wconf 88' lang='lat' dir='ltr'><strong>Et</strong></span> <span class='ocrx_word' id='word_1_12' title='bbox 316 600 430 685; x_wconf 89' lang='lat' dir='ltr'><strong>dicet,</strong></span> <span class='ocrx_word' id='word_1_13' title='bbox 449 599 588 674; x_wconf 82' lang='lat' dir='ltr'><strong>Poenaa</strong></span> <span class='ocrx_word' id='word_1_14' title='bbox 604 601 774 696; x_wconf 81' lang='lat' dir='ltr'><strong>garrulus</strong></span> <span class='ocrx_word' id='word_1_15' title='bbox 791 602 864 675; x_wconf 87' lang='lat' dir='ltr'><strong>iste</strong></span> <span class='ocrx_word' id='word_1_16' title='bbox 879 600 999 673; x_wconf 83' lang='lat' dir='ltr'><strong>dabit.</strong></span> <span class='ocrx_word' id='word_1_17' title='bbox 1186 604 1229 675; x_wconf 90' lang='grc'><strong>60</strong></span> 
     </span>
     <span class='ocr_line' id='line_1_4' title="bbox 199 714 1165 813; baseline 0 -24"><span class='ocrx_word' id='word_1_18' title='bbox 199 714 324 801; x_wconf 89' lang='lat' dir='ltr'><strong>Quam</strong></span> <span class='ocrx_word' id='word_1_19' title='bbox 340 715 468 813; x_wconf 87' lang='lat' dir='ltr'><strong>dispar</strong></span> <span class='ocrx_word' id='word_1_20' title='bbox 484 728 675 789; x_wconf 85' lang='lat' dir='ltr'><strong>certamen</strong></span> <span class='ocrx_word' id='word_1_21' title='bbox 691 716 782 789; x_wconf 90' lang='lat' dir='ltr'><strong>inis!</strong></span> <span class='ocrx_word' id='word_1_22' title='bbox 809 715 878 789; x_wconf 92' lang='lat' dir='ltr'><strong>tibi</strong></span> <span class='ocrx_word' id='word_1_23' title='bbox 895 716 1055 789; x_wconf 84' lang='lat' dir='ltr'><strong>verbera</strong></span> <span class='ocrx_word' id='word_1_24' title='bbox 1068 715 1165 789; x_wconf 85' lang='lat' dir='ltr'><strong>ricto</strong></span> 
     </span>
     <span class='ocr_line' id='line_1_5' title="bbox 249 831 1017 928; baseline -0.001 -24"><span class='ocrx_word' id='word_1_25' title='bbox 249 831 420 905; x_wconf 87' lang='lat' dir='ltr'>Adsunt:</span> <span class='ocrx_word' id='word_1_26' title='bbox 448 832 486 903; x_wconf 91' lang='lat' dir='ltr'><strong>in</strong></span> <span class='ocrx_word' id='word_1_27' title='bbox 504 832 647 927; x_wconf 84' lang='lat' dir='ltr'><strong>gremio</strong></span> <span class='ocrx_word' id='word_1_28' title='bbox 657 831 798 928; x_wconf 84' lang='lat' dir='ltr'><strong>judicis</strong></span> <span class='ocrx_word' id='word_1_29' title='bbox 814 831 881 905; x_wconf 85' lang='lat' dir='ltr'><strong>illa</strong></span> <span class='ocrx_word' id='word_1_30' title='bbox 895 831 1017 906; x_wconf 81' lang='lat' dir='ltr'><strong>sedet.</strong></span> 
     </span>
     <span class='ocr_line' id='line_1_6' title="bbox 201 945 1231 1043; baseline 0.001 -24"><span class='ocrx_word' id='word_1_31' title='bbox 201 945 288 1020; x_wconf 89' lang='lat' dir='ltr'><strong>Non</strong></span> <span class='ocrx_word' id='word_1_32' title='bbox 305 947 429 1020; x_wconf 90' lang='lat' dir='ltr'><strong>scelus</strong></span> <span class='ocrx_word' id='word_1_33' title='bbox 446 947 706 1043; x_wconf 79' lang='lat' dir='ltr'>adgredimur:</span> <span class='ocrx_word' id='word_1_34' title='bbox 734 972 809 1021; x_wconf 89' lang='lat' dir='ltr'><strong>non</strong></span> <span class='ocrx_word' id='word_1_35' title='bbox 822 948 871 1021; x_wconf 91' lang='lat' dir='ltr'><strong>ad</strong></span> <span class='ocrx_word' id='word_1_36' title='bbox 888 948 1085 1021; x_wconf 88' lang='lat' dir='ltr'><strong>miscenda</strong></span> <span class='ocrx_word' id='word_1_37' title='bbox 1098 950 1231 1021; x_wconf 86' lang='lat' dir='ltr'><strong>coimus</strong></span> 
     </span>
     <span class='ocr_line' id='line_1_7' title="bbox 249 1062 1122 1139; baseline 0.002 -4"><span class='ocrx_word' id='word_1_38' title='bbox 249 1062 413 1137; x_wconf 86' lang='lat' dir='ltr'>Toxica:</span> <span class='ocrx_word' id='word_1_39' title='bbox 441 1089 515 1137; x_wconf 93' lang='lat' dir='ltr'><strong>non</strong></span> <span class='ocrx_word' id='word_1_40' title='bbox 533 1064 663 1138; x_wconf 89' lang='lat' dir='ltr'><strong>stricto</strong></span> <span class='ocrx_word' id='word_1_41' title='bbox 679 1063 851 1137; x_wconf 79' lang='lat' dir='ltr'><strong>fulminat</strong></span> <span class='ocrx_word' id='word_1_42' title='bbox 866 1088 958 1139; x_wconf 86' lang='lat' dir='ltr'><strong>ense</strong></span> <span class='ocrx_word' id='word_1_43' title='bbox 973 1087 1122 1137; x_wconf 84' lang='lat' dir='ltr'><strong>manus.</strong></span> 
     </span>
     <span class='ocr_line' id='line_1_8' title="bbox 201 1175 1232 1277; baseline -0.002 -26"><span class='ocrx_word' id='word_1_44' title='bbox 201 1175 424 1264; x_wconf 85' lang='lat' dir='ltr'><strong>Quaerimus,</strong></span> <span class='ocrx_word' id='word_1_45' title='bbox 444 1190 486 1251; x_wconf 94' lang='lat' dir='ltr'><strong>ut</strong></span> <span class='ocrx_word' id='word_1_46' title='bbox 502 1190 584 1252; x_wconf 93' lang='lat' dir='ltr'><strong>tuto</strong></span> <span class='ocrx_word' id='word_1_47' title='bbox 601 1204 668 1277; x_wconf 92' lang='lat' dir='ltr'><strong>per</strong></span> <span class='ocrx_word' id='word_1_48' title='bbox 684 1189 722 1253; x_wconf 87' lang='lat' dir='ltr'><strong>te</strong></span> <span class='ocrx_word' id='word_1_49' title='bbox 740 1180 928 1277; x_wconf 90' lang='lat' dir='ltr'><strong>possimus</strong></span> <span class='ocrx_word' id='word_1_50' title='bbox 945 1202 1085 1253; x_wconf 89' lang='lat' dir='ltr'><strong>arnare.</strong></span> <span class='ocrx_word' id='word_1_51' title='bbox 1189 1180 1232 1249; x_wconf 81' lang='grc'><strong>66</strong></span> 
     </span>
     <span class='ocr_line' id='line_1_9' title="bbox 249 1291 1133 1395; baseline 0.002 -30"><span class='ocrx_word' id='word_1_52' title='bbox 249 1291 351 1378; x_wconf 88' lang='lat' dir='ltr'><strong>Quid</strong></span> <span class='ocrx_word' id='word_1_53' title='bbox 369 1294 543 1392; x_wconf 80' lang='lat' dir='ltr'><strong>precibus</strong></span> <span class='ocrx_word' id='word_1_54' title='bbox 561 1296 697 1369; x_wconf 91' lang='lat' dir='ltr'><strong>nostris</strong></span> <span class='ocrx_word' id='word_1_55' title='bbox 714 1295 863 1370; x_wconf 86' lang='lat' dir='ltr'><strong>mollius</strong></span> <span class='ocrx_word' id='word_1_56' title='bbox 879 1319 965 1369; x_wconf 86' lang='lat' dir='ltr'><strong>esse</strong></span> <span class='ocrx_word' id='word_1_57' title='bbox 982 1296 1133 1395; x_wconf 80' lang='lat' dir='ltr'><strong>potcstl</strong></span> 
     </span>
    </p>
   </div>
   <div class='ocr_carea' id='block_1_3' title="bbox 551 1682 895 1758">
    <p class='ocr_par' dir='ltr' id='par_1_3' title="bbox 551 1682 895 1758">
     <span class='ocr_line' id='line_1_10' title="bbox 551 1682 895 1758; baseline 0.003 -3"><span class='ocrx_word' id='word_1_58' title='bbox 551 1682 778 1758; x_wconf 84' lang='lat' dir='ltr'><strong>ELEGIA</strong></span> <span class='ocrx_word' id='word_1_59' title='bbox 818 1683 895 1757; x_wconf 89' lang='lat' dir='ltr'><strong>Ill.</strong></span> 
     </span>
    </p>
   </div>
   <div class='ocr_carea' id='block_1_4' title="bbox 204 1855 1284 4053">
    <p class='ocr_par' dir='ltr' id='par_1_4' title="bbox 204 1855 1237 3460">
     <span class='ocr_line' id='line_1_11' title="bbox 204 1855 1234 1955; baseline 0.002 -26"><span class='ocrx_word' id='word_1_60' title='bbox 204 1855 278 1931; x_wconf 90' lang='lat' dir='ltr'><strong>Hei</strong></span> <span class='ocrx_word' id='word_1_61' title='bbox 296 1857 399 1944; x_wconf 87' lang='lat' dir='ltr'><strong>mibi,</strong></span> <span class='ocrx_word' id='word_1_62' title='bbox 415 1858 516 1955; x_wconf 90' lang='lat' dir='ltr'><strong>quod</strong></span> <span class='ocrx_word' id='word_1_63' title='bbox 536 1858 738 1946; x_wconf 89' lang='lat' dir='ltr'><strong>dominam,</strong></span> <span class='ocrx_word' id='word_1_64' title='bbox 758 1882 827 1932; x_wconf 91' lang='lat' dir='ltr'><strong>nec</strong></span> <span class='ocrx_word' id='word_1_65' title='bbox 846 1858 901 1930; x_wconf 91' lang='lat' dir='ltr'><strong>vir</strong></span> <span class='ocrx_word' id='word_1_66' title='bbox 916 1880 988 1931; x_wconf 89' lang='lat' dir='ltr'><strong>nec</strong></span> <span class='ocrx_word' id='word_1_67' title='bbox 1005 1855 1155 1945; x_wconf 82' lang='lat' dir='ltr'><strong>femina,</strong></span> <span class='ocrx_word' id='word_1_68' title='bbox 1166 1878 1234 1931; x_wconf 86' lang='lat' dir='ltr'><strong>ser·</strong></span> 
     </span>
     <span class='ocr_line' id='line_1_12' title="bbox 253 1972 1233 2071; baseline 0.002 -26"><span class='ocrx_word' id='word_1_69' title='bbox 253 1972 391 2047; x_wconf 88' lang='lat' dir='ltr'><strong>Mutua</strong></span> <span class='ocrx_word' id='word_1_70' title='bbox 407 1998 477 2047; x_wconf 90' lang='lat' dir='ltr'><strong>nec</strong></span> <span class='ocrx_word' id='word_1_71' title='bbox 494 1973 653 2048; x_wconf 90' lang='lat' dir='ltr'><strong>Veneris</strong></span> <span class='ocrx_word' id='word_1_72' title='bbox 670 1975 808 2071; x_wconf 85' lang='lat' dir='ltr'><strong>gaudia</strong></span> <span class='ocrx_word' id='word_1_73' title='bbox 824 1997 935 2047; x_wconf 90' lang='lat' dir='ltr'><strong>nosse</strong></span> <span class='ocrx_word' id='word_1_74' title='bbox 951 1972 1078 2071; x_wconf 88' lang='lat' dir='ltr'><strong>potes!</strong></span> <span class='ocrx_word' id='word_1_75' title='bbox 1141 1973 1233 2069; x_wconf 70' lang='grc' dir='ltr'><strong>[ως</strong></span> 
     </span>
     <span class='ocr_line' id='line_1_13' title="bbox 205 2086 1133 2187; baseline 0.001 -26"><span class='ocrx_word' id='word_1_76' title='bbox 205 2087 279 2172; x_wconf 87' lang='lat' dir='ltr'><strong>Qui</strong></span> <span class='ocrx_word' id='word_1_77' title='bbox 297 2088 440 2187; x_wconf 92' lang='lat' dir='ltr'><strong>primus</strong></span> <span class='ocrx_word' id='word_1_78' title='bbox 458 2089 584 2186; x_wconf 89' lang='lat' dir='ltr'><strong>pueris</strong></span> <span class='ocrx_word' id='word_1_79' title='bbox 600 2089 778 2185; x_wconf 83' lang='lat' dir='ltr'><strong>genitalia</strong></span> <span class='ocrx_word' id='word_1_80' title='bbox 795 2089 964 2163; x_wconf 89' lang='lat' dir='ltr'><strong>membra</strong></span> <span class='ocrx_word' id='word_1_81' title='bbox 979 2086 1133 2177; x_wconf 88' lang='lat' dir='ltr'><strong>recidit;</strong></span> 
     </span>
     <span class='ocr_line' id='line_1_14' title="bbox 254 2203 1014 2303; baseline 0.001 -27"><span class='ocrx_word' id='word_1_82' title='bbox 254 2203 431 2290; x_wconf 85' lang='lat' dir='ltr'><strong>Vulnera,</strong></span> <span class='ocrx_word' id='word_1_83' title='bbox 450 2227 536 2300; x_wconf 84' lang='lat' dir='ltr'><strong>quae</strong></span> <span class='ocrx_word' id='word_1_84' title='bbox 554 2204 655 2292; x_wconf 88' lang='lat' dir='ltr'><strong>lecit,</strong></span> <span class='ocrx_word' id='word_1_85' title='bbox 674 2207 806 2279; x_wconf 87' lang='lat' dir='ltr'><strong>debuit</strong></span> <span class='ocrx_word' id='word_1_86' title='bbox 822 2206 904 2303; x_wconf 89' lang='lat' dir='ltr'><strong>ipse</strong></span> <span class='ocrx_word' id='word_1_87' title='bbox 922 2204 1014 2302; x_wconf 91' lang='lat' dir='ltr'><strong>pati.</strong></span> 
     </span>
     <span class='ocr_line' id='line_1_15' title="bbox 206 2318 1227 2418; baseline -0.003 -24"><span class='ocrx_word' id='word_1_88' title='bbox 206 2320 336 2394; x_wconf 87' lang='lat' dir='ltr'><strong>Mollis</strong></span> <span class='ocrx_word' id='word_1_89' title='bbox 353 2320 390 2393; x_wconf 90' lang='lat' dir='ltr'><strong>in</strong></span> <span class='ocrx_word' id='word_1_90' title='bbox 407 2320 646 2417; x_wconf 88' lang='lat' dir='ltr'><strong>obsequium,</strong></span> <span class='ocrx_word' id='word_1_91' title='bbox 665 2319 862 2418; x_wconf 79' lang='lat' dir='ltr'><strong>facilisque</strong></span> <span class='ocrx_word' id='word_1_92' title='bbox 879 2318 1097 2415; x_wconf 76' lang='lat' dir='ltr'><strong>rogantibus</strong></span> <span class='ocrx_word' id='word_1_93' title='bbox 1113 2340 1227 2405; x_wconf 62' lang='grc' dir='ltr'><strong>ωας</strong></span> 
     </span>
     <span class='ocr_line' id='line_1_16' title="bbox 256 2432 1237 2536; baseline -0.007 -26"><span class='ocrx_word' id='word_1_94' title='bbox 256 2437 298 2510; x_wconf 93' lang='lat' dir='ltr'><strong>Si</strong></span> <span class='ocrx_word' id='word_1_95' title='bbox 315 2447 403 2510; x_wconf 90' lang='lat' dir='ltr'><strong>tuus</strong></span> <span class='ocrx_word' id='word_1_96' title='bbox 421 2435 458 2508; x_wconf 89' lang='lat' dir='ltr'><strong>in</strong></span> <span class='ocrx_word' id='word_1_97' title='bbox 476 2437 610 2534; x_wconf 75' lang='lat' dir='ltr'><strong>quavis</strong></span> <span class='ocrx_word' id='word_1_98' title='bbox 628 2435 892 2536; x_wconf 70' lang='lat' dir='ltr'><strong>praetepuisset</strong></span> <span class='ocrx_word' id='word_1_99' title='bbox 907 2458 1023 2509; x_wconf 89' lang='lat' dir='ltr'><strong>amor.</strong></span> <span class='ocrx_word' id='word_1_100' title='bbox 1215 2432 1237 2503; x_wconf 96' lang='grc'><strong>6</strong></span> 
     </span>
     <span class='ocr_line' id='line_1_17' title="bbox 207 2550 1145 2650; baseline -0.003 -24"><span class='ocrx_word' id='word_1_101' title='bbox 207 2552 294 2627; x_wconf 90' lang='lat' dir='ltr'><strong>Non</strong></span> <span class='ocrx_word' id='word_1_102' title='bbox 310 2563 353 2627; x_wconf 93' lang='lat' dir='ltr'><strong>tu</strong></span> <span class='ocrx_word' id='word_1_103' title='bbox 369 2561 480 2626; x_wconf 90' lang='lat' dir='ltr'><strong>natus</strong></span> <span class='ocrx_word' id='word_1_104' title='bbox 498 2577 610 2650; x_wconf 89' lang='lat' dir='ltr'><strong>equo,</strong></span> <span class='ocrx_word' id='word_1_105' title='bbox 630 2577 704 2628; x_wconf 92' lang='lat' dir='ltr'><strong>non</strong></span> <span class='ocrx_word' id='word_1_106' title='bbox 720 2553 877 2627; x_wconf 83' lang='lat' dir='ltr'><strong>fortibus</strong></span> <span class='ocrx_word' id='word_1_107' title='bbox 894 2550 995 2625; x_wconf 91' lang='lat' dir='ltr'><strong>utilis</strong></span> <span class='ocrx_word' id='word_1_108' title='bbox 1012 2550 1145 2623; x_wconf 70' lang='lat' dir='ltr'><strong>minis:</strong></span> 
     </span>
     <span class='ocr_line' id='line_1_18' title="bbox 257 2666 1074 2742; baseline -0.005 0"><span class='ocrx_word' id='word_1_109' title='bbox 257 2668 402 2742; x_wconf 88' lang='lat' dir='ltr'><strong>Bellica</strong></span> <span class='ocrx_word' id='word_1_110' title='bbox 418 2693 494 2741; x_wconf 92' lang='lat' dir='ltr'><strong>non</strong></span> <span class='ocrx_word' id='word_1_111' title='bbox 510 2668 653 2742; x_wconf 73' lang='lat' dir='ltr'><strong>dextrae</strong></span> <span class='ocrx_word' id='word_1_112' title='bbox 671 2668 844 2742; x_wconf 88' lang='lat' dir='ltr'><strong>convenit</strong></span> <span class='ocrx_word' id='word_1_113' title='bbox 861 2666 970 2740; x_wconf 82' lang='lat' dir='ltr'><strong>basta</strong></span> <span class='ocrx_word' id='word_1_114' title='bbox 985 2676 1074 2740; x_wconf 83' lang='lat' dir='ltr'><strong>tuae.</strong></span> 
     </span>
     <span class='ocr_line' id='line_1_19' title="bbox 206 2781 1121 2881; baseline -0.003 -25"><span class='ocrx_word' id='word_1_115' title='bbox 206 2783 287 2857; x_wconf 91' lang='lat' dir='ltr'><strong>Ista</strong></span> <span class='ocrx_word' id='word_1_116' title='bbox 303 2808 424 2857; x_wconf 91' lang='lat' dir='ltr'><strong>mares</strong></span> <span class='ocrx_word' id='word_1_117' title='bbox 442 2794 624 2857; x_wconf 87' lang='lat' dir='ltr'><strong>tractent:</strong></span> <span class='ocrx_word' id='word_1_118' title='bbox 653 2793 694 2856; x_wconf 93' lang='lat' dir='ltr'><strong>tu</strong></span> <span class='ocrx_word' id='word_1_119' title='bbox 714 2808 803 2881; x_wconf 90' lang='lat' dir='ltr'><strong>spes</strong></span> <span class='ocrx_word' id='word_1_120' title='bbox 820 2783 968 2880; x_wconf 91' lang='lat' dir='ltr'><strong>depone</strong></span> <span class='ocrx_word' id='word_1_121' title='bbox 984 2781 1121 2856; x_wconf 87' lang='lat' dir='ltr'><strong>viriles.</strong></span> 
     </span>
     <span class='ocr_line' id='line_1_20' title="bbox 256 2896 1236 2994; baseline -0.007 -23"><span class='ocrx_word' id='word_1_122' title='bbox 256 2900 340 2971; x_wconf 91' lang='lat' dir='ltr'><strong>Sint</strong></span> <span class='ocrx_word' id='word_1_123' title='bbox 357 2900 424 2972; x_wconf 91' lang='lat' dir='ltr'><strong>tibi</strong></span> <span class='ocrx_word' id='word_1_124' title='bbox 443 2924 530 2971; x_wconf 92' lang='lat' dir='ltr'><strong>cum</strong></span> <span class='ocrx_word' id='word_1_125' title='bbox 548 2898 700 2971; x_wconf 70' lang='lat' dir='ltr'><strong>dominis</strong></span> <span class='ocrx_word' id='word_1_126' title='bbox 719 2899 828 2994; x_wconf 87' lang='lat' dir='ltr'><strong>signa</strong></span> <span class='ocrx_word' id='word_1_127' title='bbox 844 2897 998 2979; x_wconf 78' lang='lat' dir='ltr'><strong>serenda</strong></span> <span class='ocrx_word' id='word_1_128' title='bbox 1015 2898 1096 2969; x_wconf 77' lang='lat' dir='ltr'><strong>tua.</strong></span> <span class='ocrx_word' id='word_1_129' title='bbox 1197 2896 1236 2966; x_wconf 87' lang='grc'><strong>10</strong></span> 
     </span>
     <span class='ocr_line' id='line_1_21' title="bbox 208 3012 1138 3112; baseline -0.003 -25"><span class='ocrx_word' id='word_1_130' title='bbox 208 3013 318 3089; x_wconf 84' lang='lat' dir='ltr'><strong>Hanc</strong></span> <span class='ocrx_word' id='word_1_131' title='bbox 336 3016 450 3112; x_wconf 90' lang='lat' dir='ltr'><strong>imple</strong></span> <span class='ocrx_word' id='word_1_132' title='bbox 468 3016 631 3089; x_wconf 87' lang='lat' dir='ltr'><strong>meritis:</strong></span> <span class='ocrx_word' id='word_1_133' title='bbox 660 3016 771 3112; x_wconf 88' lang='lat' dir='ltr'><strong>hujus</strong></span> <span class='ocrx_word' id='word_1_134' title='bbox 788 3016 857 3087; x_wconf 91' lang='lat' dir='ltr'><strong>tibi</strong></span> <span class='ocrx_word' id='word_1_135' title='bbox 871 3014 992 3110; x_wconf 87' lang='lat' dir='ltr'><strong>gratia</strong></span> <span class='ocrx_word' id='word_1_136' title='bbox 1007 3012 1138 3112; x_wconf 87' lang='lat' dir='ltr'><strong>prosit.</strong></span> 
     </span>
     <span class='ocr_line' id='line_1_22' title="bbox 259 3129 976 3230; baseline -0.003 -27"><span class='ocrx_word' id='word_1_137' title='bbox 259 3132 300 3204; x_wconf 92' lang='lat' dir='ltr'><strong>Si</strong></span> <span class='ocrx_word' id='word_1_138' title='bbox 319 3155 447 3205; x_wconf 87' lang='lat' dir='ltr'><strong>careas</strong></span> <span class='ocrx_word' id='word_1_139' title='bbox 466 3133 543 3218; x_wconf 74' lang='lat' dir='ltr'><strong>illa,</strong></span> <span class='ocrx_word' id='word_1_140' title='bbox 563 3134 648 3230; x_wconf 88' lang='lat' dir='ltr'><strong>quis</strong></span> <span class='ocrx_word' id='word_1_141' title='bbox 666 3143 753 3205; x_wconf 92' lang='lat' dir='ltr'><strong>tuus</strong></span> <span class='ocrx_word' id='word_1_142' title='bbox 770 3156 862 3204; x_wconf 88' lang='lat' dir='ltr'><strong>usus</strong></span> <span class='ocrx_word' id='word_1_143' title='bbox 880 3129 976 3204; x_wconf 81' lang='lat' dir='ltr'><strong>eritl</strong></span> 
     </span>
     <span class='ocr_line' id='line_1_23' title="bbox 209 3243 1035 3346; baseline -0.002 -28"><span class='ocrx_word' id='word_1_144' title='bbox 209 3243 281 3319; x_wconf 86' lang='lat' dir='ltr'><strong>Est</strong></span> <span class='ocrx_word' id='word_1_145' title='bbox 297 3246 410 3319; x_wconf 90' lang='lat' dir='ltr'><strong>etiarn</strong></span> <span class='ocrx_word' id='word_1_146' title='bbox 427 3247 555 3332; x_wconf 87' lang='lat' dir='ltr'><strong>facies,</strong></span> <span class='ocrx_word' id='word_1_147' title='bbox 575 3260 663 3321; x_wconf 85' lang='lat' dir='ltr'><strong>sunt</strong></span> <span class='ocrx_word' id='word_1_148' title='bbox 679 3248 757 3346; x_wconf 90' lang='lat' dir='ltr'><strong>apti</strong></span> <span class='ocrx_word' id='word_1_149' title='bbox 772 3247 917 3320; x_wconf 89' lang='lat' dir='ltr'><strong>lusibus</strong></span> <span class='ocrx_word' id='word_1_150' title='bbox 935 3246 1035 3320; x_wconf 89' lang='lat' dir='ltr'><strong>anni.</strong></span> 
     </span>
     <span class='ocr_line' id='line_1_24' title="bbox 260 3358 996 3460; baseline 0.001 -28"><span class='ocrx_word' id='word_1_151' title='bbox 260 3358 421 3456; x_wconf 86' lang='lat' dir='ltr'><strong>Indigna</strong></span> <span class='ocrx_word' id='word_1_152' title='bbox 438 3374 497 3434; x_wconf 90' lang='lat' dir='ltr'><strong>cst</strong></span> <span class='ocrx_word' id='word_1_153' title='bbox 513 3362 620 3459; x_wconf 87' lang='lat' dir='ltr'><strong>pigro</strong></span> <span class='ocrx_word' id='word_1_154' title='bbox 637 3362 755 3436; x_wconf 81' lang='lat' dir='ltr'><strong>forma</strong></span> <span class='ocrx_word' id='word_1_155' title='bbox 771 3362 892 3460; x_wconf 87' lang='lat' dir='ltr'><strong>perire</strong></span> <span class='ocrx_word' id='word_1_156' title='bbox 908 3359 996 3434; x_wconf 89' lang='lat' dir='ltr'><strong>situ.</strong></span> 
     </span>
    </p>

    <p class='ocr_par' dir='ltr' id='par_1_5' title="bbox 208 3536 1284 3977">
     <span class='ocr_line' id='line_1_25' title="bbox 241 3536 1244 3609; baseline -0.002 -18"><span class='ocrx_word' id='word_1_157' title='bbox 241 3543 281 3591; x_wconf 84' lang='lat'><strong>61.</strong></span> <span class='ocrx_word' id='word_1_158' title='bbox 300 3542 576 3604; x_wconf 78' lang='lat' dir='ltr'><strong>Quamdispcrcerlcmen</strong></span> <span class='ocrx_word' id='word_1_159' title='bbox 586 3546 705 3609; x_wconf 51' lang='lat' dir='ltr'><strong>iaaac]</strong></span> <span class='ocrx_word' id='word_1_160' title='bbox 756 3544 936 3601; x_wconf 77' lang='lat' dir='ltr'><strong>anthlibim,</strong></span> <span class='ocrx_word' id='word_1_161' title='bbox 951 3558 999 3592; x_wconf 84' lang='lat' dir='ltr'><strong>non</strong></span> <span class='ocrx_word' id='word_1_162' title='bbox 1015 3541 1150 3607; x_wconf 68' lang='lat' dir='ltr'><strong>spadum</strong></span> <span class='ocrx_word' id='word_1_163' title='bbox 1166 3536 1244 3590; x_wconf 72' lang='lat' dir='ltr'><strong>null-</strong></span> 
     </span>
     <span class='ocr_line' id='line_1_26' title="bbox 208 3612 1244 3684; baseline 0 -19"><span class='ocrx_word' id='word_1_164' title='bbox 208 3615 285 3665; x_wconf 80' lang='lat' dir='ltr'><strong>Simili</strong></span> <span class='ocrx_word' id='word_1_165' title='bbox 305 3615 400 3663; x_wconf 88' lang='lat' dir='ltr'><strong>omnino</strong></span> <span class='ocrx_word' id='word_1_166' title='bbox 415 3615 616 3678; x_wconf 75' lang='lat' dir='ltr'><strong>argumentatione</strong></span> <span class='ocrx_word' id='word_1_167' title='bbox 632 3618 707 3667; x_wconf 85' lang='lat' dir='ltr'><strong>utitur</strong></span> <span class='ocrx_word' id='word_1_168' title='bbox 755 3619 800 3684; x_wconf 81' lang='lat' dir='ltr'><strong>git.</strong></span> <span class='ocrx_word' id='word_1_169' title='bbox 834 3621 873 3669; x_wconf 77' lang='lat' dir='ltr'><strong>Dc</strong></span> <span class='ocrx_word' id='word_1_170' title='bbox 891 3620 929 3667; x_wconf 82' lang='lat' dir='ltr'><strong>bis</strong></span> <span class='ocrx_word' id='word_1_171' title='bbox 945 3625 1026 3666; x_wconf 83' lang='lat' dir='ltr'><strong>antem</strong></span> <span class='ocrx_word' id='word_1_172' title='bbox 1043 3614 1150 3666; x_wconf 73' lang='lat' dir='ltr'><strong>mnium</strong></span> <span class='ocrx_word' id='word_1_173' title='bbox 1164 3612 1244 3681; x_wconf 62' lang='lat' dir='ltr'><strong>qrb</strong></span> 
     </span>
     <span class='ocr_line' id='line_1_27' title="bbox 209 3686 1245 3758; baseline 0 -21"><span class='ocrx_word' id='word_1_174' title='bbox 209 3688 413 3754; x_wconf 45' lang='lat' dir='ltr'><strong>rumorosus</strong></span> <span class='ocrx_word' id='word_1_175' title='bbox 429 3688 509 3737; x_wconf 72' lang='lat' dir='ltr'><strong>raus</strong></span> <span class='ocrx_word' id='word_1_176' title='bbox 522 3688 706 3740; x_wconf 61' lang='lat' dir='ltr'><strong>ornament.</strong></span> <span class='ocrx_word' id='word_1_177' title='bbox 757 3686 1245 3758; x_wconf 60' lang='lat' dir='ltr'><strong>armstnoeplumusaumncu</strong></span> 
     </span>
     <span class='ocr_line' id='line_1_28' title="bbox 210 3762 1122 3831; baseline 0.001 -19"><span class='ocrx_word' id='word_1_178' title='bbox 210 3764 266 3813; x_wconf 80' lang='lat' dir='ltr'><strong>Act.</strong></span> <span class='ocrx_word' id='word_1_179' title='bbox 278 3763 304 3812; x_wconf 89' lang='lat' dir='ltr'><strong>ii.</strong></span> <span class='ocrx_word' id='word_1_180' title='bbox 320 3764 361 3812; x_wconf 87' lang='lat' dir='ltr'><strong>Sc.</strong></span> <span class='ocrx_word' id='word_1_181' title='bbox 378 3763 413 3811; x_wconf 87' lang='lat' dir='ltr'><strong>lii.</strong></span> <span class='ocrx_word' id='word_1_182' title='bbox 423 3764 464 3811; x_wconf 79' lang='lat'><strong>22.</strong></span> <span class='ocrx_word' id='word_1_183' title='bbox 482 3771 509 3810; x_wconf 88' lang='lat' dir='ltr'><strong>ut</strong></span> <span class='ocrx_word' id='word_1_184' title='bbox 522 3764 553 3811; x_wconf 83' lang='lat' dir='ltr'><strong>ab</strong></span> <span class='ocrx_word' id='word_1_185' title='bbox 569 3762 706 3813; x_wconf 75' lang='lat' dir='ltr'><strong>insimulari·</strong></span> <span class='ocrx_word' id='word_1_186' title='bbox 757 3767 789 3814; x_wconf 86' lang='lat' dir='ltr'><strong>xi.</strong></span> <span class='ocrx_word' id='word_1_187' title='bbox 799 3766 831 3815; x_wconf 77' lang='lat' dir='ltr'><strong>de</strong></span> <span class='ocrx_word' id='word_1_188' title='bbox 841 3764 1015 3831; x_wconf 71' lang='lat' dir='ltr'><strong>adoptionibus.</strong></span> <span class='ocrx_word' id='word_1_189' title='bbox 1049 3764 1122 3814; x_wconf 85' lang='lat' dir='ltr'><strong>Cror.</strong></span> 
     </span>
     <span class='ocr_line' id='line_1_29' title="bbox 208 3836 1248 3905; baseline -0.003 -19"><span class='ocrx_word' id='word_1_190' title='bbox 208 3839 241 3886; x_wconf 92' lang='lat' dir='ltr'><strong>do</strong></span> <span class='ocrx_word' id='word_1_191' title='bbox 253 3837 412 3887; x_wconf 76' lang='lat' dir='ltr'><strong>Pbltooomsio</strong></span> <span class='ocrx_word' id='word_1_192' title='bbox 429 3836 566 3887; x_wconf 79' lang='lat' dir='ltr'><strong>Sceledrum</strong></span> <span class='ocrx_word' id='word_1_193' title='bbox 580 3837 707 3888; x_wconf 81' lang='lat' dir='ltr'><strong>deterreat.</strong></span> <span class='ocrx_word' id='word_1_194' title='bbox 789 3842 815 3888; x_wconf 87' lang='lat'><strong>³.</strong></span> <span class='ocrx_word' id='word_1_195' title='bbox 834 3841 881 3895; x_wconf 73' lang='lat' dir='ltr'><strong>Qu</strong></span> <span class='ocrx_word' id='word_1_196' title='bbox 888 3839 1248 3905; x_wconf 57' lang='lat' dir='ltr'><strong>pri-campulum*</strong></span> 
     </span>
     <span class='ocr_line' id='line_1_30' title="bbox 210 3902 1284 3977; baseline 0.002 -18"><span class='ocrx_word' id='word_1_197' title='bbox 210 3912 301 3960; x_wconf 73' lang='lat' dir='ltr'><strong>Auru.</strong></span> <span class='ocrx_word' id='word_1_198' title='bbox 757 3917 797 3961; x_wconf 81' lang='lat' dir='ltr'><strong>bru</strong></span> <span class='ocrx_word' id='word_1_199' title='bbox 816 3914 920 3977; x_wconf 64' lang='lat' dir='ltr'><strong>recidit]</strong></span> <span class='ocrx_word' id='word_1_200' title='bbox 943 3912 1089 3961; x_wconf 65' lang='lat' dir='ltr'><strong>Samiramim</strong></span> <span class='ocrx_word' id='word_1_201' title='bbox 1122 3910 1184 3961; x_wconf 67' lang='lat' dir='ltr'><strong>m</strong></span> <span class='ocrx_word' id='word_1_202' title='bbox 1198 3922 1247 3975; x_wconf 68' lang='lat' dir='ltr'><strong>q·</strong></span> <span class='ocrx_word' id='word_1_203' title='bbox 1274 3902 1284 3919; x_wconf 52' lang='lat'>⁸</span> 
     </span>
    </p>

    <p class='ocr_par' dir='ltr' id='par_1_6' title="bbox 428 3984 1247 4053">
     <span class='ocr_line' id='line_1_31' title="bbox 428 3984 1247 4053; baseline -0.007 -15"><span class='ocrx_word' id='word_1_204' title='bbox 428 4013 494 4023; x_wconf 89' lang='lat'><em>-</em></span> <span class='ocrx_word' id='word_1_205' title='bbox 759 3988 838 4037; x_wconf 68' lang='lat' dir='ltr'><strong>mavi</strong></span> <span class='ocrx_word' id='word_1_206' title='bbox 854 3988 898 4036; x_wconf 75' lang='lat' dir='ltr'><strong>us.</strong></span> <span class='ocrx_word' id='word_1_207' title='bbox 916 3988 949 4035; x_wconf 68' lang='lat' dir='ltr'><strong>a.</strong></span> <span class='ocrx_word' id='word_1_208' title='bbox 968 3986 1132 4053; x_wconf 54' lang='lat' dir='ltr'><strong>ummo.</strong></span> <span class='ocrx_word' id='word_1_209' title='bbox 1163 3984 1247 4035; x_wconf 72' lang='grc' dir='ltr'><strong>οω-</strong></span> 
     </span>
    </p>
   </div>
   <div class='ocr_carea' id='block_1_5' title="bbox 213 4057 1248 4196">
    <p class='ocr_par' dir='ltr' id='par_1_7' title="bbox 213 4057 1248 4196">
     <span class='ocr_line' id='line_1_32' title="bbox 247 4057 1248 4127; baseline 0.001 -23"><span class='ocrx_word' id='word_1_210' title='bbox 247 4060 267 4105; x_wconf 92' lang='lat' dir='ltr'><strong>l.</strong></span> <span class='ocrx_word' id='word_1_211' title='bbox 295 4057 340 4105; x_wconf 78' lang='lat' dir='ltr'><strong>Hei</strong></span> <span class='ocrx_word' id='word_1_212' title='bbox 367 4061 430 4116; x_wconf 80' lang='lat' dir='ltr'><strong>mibi,</strong></span> <span class='ocrx_word' id='word_1_213' title='bbox 449 4062 507 4122; x_wconf 83' lang='lat' dir='ltr'><strong>quod</strong></span> <span class='ocrx_word' id='word_1_214' title='bbox 529 4060 642 4106; x_wconf 67' lang='lat' dir='ltr'><strong>minam</strong></span> <span class='ocrx_word' id='word_1_215' title='bbox 669 4076 709 4107; x_wconf 78' lang='lat' dir='ltr'><strong>nec</strong></span> <span class='ocrx_word' id='word_1_216' title='bbox 760 4078 817 4110; x_wconf 75' lang='lat' dir='ltr'><strong>nus.</strong></span> <span class='ocrx_word' id='word_1_217' title='bbox 850 4061 908 4109; x_wconf 79' lang='lat' dir='ltr'><strong>Tale</strong></span> <span class='ocrx_word' id='word_1_218' title='bbox 918 4058 1028 4109; x_wconf 63' lang='lat' dir='ltr'><strong>monii</strong></span> <span class='ocrx_word' id='word_1_219' title='bbox 1044 4058 1248 4127; x_wconf 71' lang='lat' dir='ltr'><strong>upplin‘nnn·</strong></span> 
     </span>
     <span class='ocr_line' id='line_1_33' title="bbox 213 4132 1215 4196; baseline 0 -18"><span class='ocrx_word' id='word_1_220' title='bbox 213 4134 255 4187; x_wconf 79' lang='lat' dir='ltr'><strong>tir,</strong></span> <span class='ocrx_word' id='word_1_221' title='bbox 277 4149 316 4180; x_wconf 73' lang='lat' dir='ltr'><strong>noc</strong></span> <span class='ocrx_word' id='word_1_222' title='bbox 328 4132 421 4196; x_wconf 80' lang='lat' dir='ltr'><strong>semina</strong></span> <span class='ocrx_word' id='word_1_223' title='bbox 439 4134 536 4196; x_wconf 62' lang='lat' dir='ltr'><strong>aeruca]</strong></span> <span class='ocrx_word' id='word_1_224' title='bbox 566 4134 709 4190; x_wconf 71' lang='lat' dir='ltr'><strong>Culmum.</strong></span> <span class='ocrx_word' id='word_1_225' title='bbox 760 4132 1215 4194; x_wconf 56' lang='lat' dir='ltr'><strong>mllerodoldibdiibalffletq.</strong></span> 
     </span>
    </p>
   </div>
   <div class='ocr_carea' id='block_1_6' title="bbox 0 0 1470 4980">
    <p class='ocr_par' dir='ltr' id='par_1_8' title="bbox 0 0 1470 4980">
     <span class='ocr_line' id='line_1_34' title="bbox 0 0 1470 4980; baseline 0 0"><span class='ocrx_word' id='word_1_226' title='bbox 0 0 1470 4980; x_wconf 95' lang='lat' dir='ltr'><strong> </strong></span> 
     </span>
    </p>
   </div>
  </div>
 </body>
</html>
