2896 4980
368 314 510 381 ARTIS
533 312 802 381 AMATORIAE
824 312 916 379 LIB.
940 313 969 379 1.
1132 315 1196 380 471

150 482 353 563 Promittas
371 487 502 563 facito:
530 487 625 586 quid
641 486 742 562 enim
760 486 976 585 promittere
994 486 1119 561 laeditl

61 558 106 650 s
198 601 383 678 Pollicitis
400 604 506 678 dives
524 603 684 701 quilibet
700 627 785 678 esse
800 614 938 702 potest.
1108 606 1195 684 ,444

151 717 248 816 Spes
258 729 364 794 tenet
374 720 413 793 in
427 729 591 818 tempus,
606 719 724 793 semel
738 730 798 794 est
808 719 839 792 si
852 719 1006 806 credita,
1021 718 1194 816 longum:

200 833 271 908 llla
288 835 443 932 quidem
460 834 588 922 fallax,
607 835 677 908 sed
694 845 820 908 tamen
838 844 928 933 apta
945 834 1030 908 Dea
1046 844 1117 909 est.

149 948 190 1022 Si
207 949 358 1025 dederis
376 951 530 1049 aliquid,
549 951 689 1050 poteris
707 952 850 1026 ratione
868 951 1042 1048 relinqui.

197 1066 436 1142 Praeteritum
452 1068 591 1156 tulerit,
610 1067 891 1167 perdideritque
908 1068 1013 1140 nihil.

148 1180 200 1253 At
216 1182 319 1278 quod
337 1207 412 1257 non
429 1183 591 1269 dederis,
610 1205 760 1280 semper
776 1183 926 1257 videare
943 1181 1112 1256 daturus.

200 1298 263 1371 Sic
281 1299 474 1372 dominum
492 1299 629 1373 sterilis
647 1322 749 1397 saepe
766 1298 899 1373 refellit
915 1322 1016 1396 ager.
1120 1301 1195 1371 450

149 1414 226 1500 Sic,
246 1439 295 1489 ne
312 1416 528 1513 perdiderit,
547 1440 621 1489 non
639 1425 765 1489 cessat
781 1415 937 1514 perdere
954 1415 1073 1487 lusor:
1190 1412 1196 1430 '

197 1527 249 1603 Et
265 1542 417 1606 revocat
432 1532 590 1631 cupidas
608 1534 691 1606 alea
706 1532 846 1606 blanda
863 1554 1009 1604 manus.

150 1643 233 1719 Hoc
251 1671 359 1745 opus,
378 1647 439 1721 hic
453 1647 559 1722 labor
572 1658 649 1722 est:
679 1647 799 1745 primo
809 1648 889 1720 sine
902 1668 1056 1720 munere
1069 1643 1191 1743 jungi.

199 1759 260 1834 Ne
277 1761 424 1836 dederit
440 1762 569 1859 gratis,
588 1786 674 1860 quae
691 1762 808 1848 dedit,
827 1786 949 1860 usque
966 1761 1085 1834 dabit.

150 1872 250 1972 'Ergo
267 1889 350 1966 eat3
379 1890 418 1952 et
435 1877 582 1951 blandis
597 1889 790 1975 peraretur
805 1877 914 1952 litera
929 1876 1053 1951 verbis
1068 1902 1077 1950 ε
1117 1878 1192 1948 455

199 1988 459 2091 Exploretque
476 1994 633 2081 animos,
652 1994 848 2093 primaque
864 2003 985 2067 tentet
1001 1993 1085 2068 iter.

151 2102 276 2180 Litera
294 2107 509 2208 Cydippen,
528 2134 641 2208 pomo
659 2112 814 2208 perlata,
833 2109 985 2184 fefellit:

109 2298 113 2305 ,
200 2219 400 2320 Insciaque
418 2235 477 2297 est
493 2225 616 2298 verbis
634 2235 747 2323 capta
763 2225 892 2324 puella
908 2225 998 2299 suis.

151 2333 265 2411 Disce
283 2338 400 2412 bonas
418 2351 529 2426 artes,
549 2342 717 2436 (moneo)
737 2341 910 2415 Romana
923 2344 1117 2438 juventus3

198 2451 235 2524 N
238 2478 286 2526 on
304 2465 462 2542 tantum,
480 2455 647 2554 trepidos
665 2465 707 2529 ut
723 2467 852 2530 tueare
870 2479 965 2529 reos.
1117 2457 1195 2526 460

149 2564 272 2652 Quam
281 2570 457 2668 populus,
461 2571 658 2668 judexque
668 2571 802 2667 gravis,
810 2569 1008 2666 lectusque
1018 2578 1190 2655 senatus;

198 2682 293 2757 Tam
310 2685 418 2759 dabit
434 2685 585 2783 eloquio
601 2685 701 2758 victa
714 2684 841 2783 puella
856 2708 1002 2758 manus.

151 2795 228 2871 Sed
245 2799 387 2874 lateant
402 2800 519 2889 vires3
549 2823 618 2874 nec
636 2800 689 2873 sis
706 2800 744 2872 in
760 2799 882 2874 fronte
899 2800 1073 2873 disertus.

200 2909 393 3012 Effugiant
408 2937 506 2987 cerae
523 2915 638 2990 verba
653 2916 812 2991 molesta
828 2924 914 2989 tuae.

180 3113 238 3163 448.
253 3113 397 3162 Praeteritum
409 3117 498 3171 tulerit,
509 3116 646 3176 perdiderit·
694 3117 828 3178 perdiderir,
851 3115 909 3180 quia
929 3114 987 3163 nihil
1009 3115 1112 3163 dederis.
1133 3130 1194 3181 pree-

147 3202 191 3248 qre
208 3187 289 3250 nuit]
324 3186 414 3236 Tuleris
434 3204 495 3237 nnus
510 3186 646 3237 Patavium.
697 3185 1030 3254 ceptomcontineturultimo
1045 3203 1113 3237 versu
1129 3203 1195 3238 ama-

148 3260 230 3311 tertins
239 3260 340 3326 Regius,
346 3264 522 3326 perdiinirqrse.
531 3261 564 3310 nil
573 3272 647 3311 muta.
696 3262 740 3312 tori
749 3262 841 3317 datum,
853 3270 880 3310 ut
890 3262 1007 3327 quidquid
1017 3263 1090 3328 possit
1099 3262 1195 3313 blandi-

59 3369 61 3372 >
150 3334 276 3385 videbitur
285 3335 413 3401 accepim
423 3336 487 3403 quod
500 3329 646 3402 promiseras,
695 3335 735 3386 tiis
745 3345 769 3384 et
780 3335 892 3402 pollicitis
901 3335 1001 3394 auferet,
1012 3335 1054 3385 sed
1069 3336 1128 3386 nihil
1145 3336 1195 3388 det.

148 3423 193 3459 nec
222 3409 350 3475 quicquam
380 3410 472 3476 perdet.
514 3410 645 3459 llrrusrus.
697 3411 787 3458 Bonus.

150 3482 220 3541 Mihi,
227 3494 253 3534 ut
264 3485 366 3549 ingenue
375 3485 457 3542 fateor,
466 3484 569 3533 nondum
575 3483 646 3549 plane
729 3485 786 3533 454.
798 3483 824 3530 Si
837 3485 925 3532 dederit
940 3485 1037 3549 gratia]
1060 3485 1153 3550 Regius
1171 3494 1196 3534 et

147 3556 231 3607 borum
240 3574 351 3607 versuum
367 3559 485 3609 sentemia
500 3566 573 3625 petet.
590 3565 647 3624 puto
697 3557 846 3615 Orouionsis,
856 3574 885 3606 ce
894 3560 991 3606 dederit.
1003 3567 1096 3622 argute.
1111 3562 1196 3626 Sperat

149 3638 229 3680 umen
244 3632 290 3681 boc
306 3632 368 3681 valle
388 3632 496 3681 Poetem.
514 3630 534 3680 ei
550 3633 647 3694 oliprid,
697 3633 759 3680 enim
770 3647 796 3680 se
807 3631 958 3698 imposterum
969 3648 1014 3680 non
1025 3632 1133 3683 daturam
1141 3650 1195 3699 gn.

149 3703 174 3753 id
184 3714 221 3755 est
230 3706 342 3771 exiguum
352 3721 446 3765 munus,
457 3705 551 3755 dederis
560 3704 647 3753 avidis·
697 3705 735 3754 tis.
752 3705 872 3770 superiore
888 3703 950 3753 hanc
967 3703 1093 3754 lectionem
1108 3707 1193 3757 confir·

147 3776 214 3829 rimer
221 3778 347 3836 meretrici,
355 3779 467 3830 rationem
479 3778 647 3843 invenietque
696 3786 771 3826 mant.
791 3777 971 3834 Ambrosianus,
982 3793 1010 3825 ne
1019 3780 1115 3827 dederit.
1124 3779 1194 3838 alius,

149 3853 377 3918 terelinquet,quia
392 3862 475 3919 captat
491 3868 577 3916 magna
593 3867 645 3900 mu·
695 3869 737 3900 nee
747 3855 844 3900 dederit.
877 3852 968 3900 Herus.

149 3940 212 3984 nere,
223 3926 293 3976 etita
304 3927 398 3977 videtur
408 3926 545 3994 perdere,si
560 3925 647 3991 exigua
729 3926 784 3975 464.
797 3925 920 3992 Effugiant
939 3926 1025 3989 rosea]
1059 3925 1122 3976 Cere
1139 3928 1195 3978 libri

149 4001 227 4066 capiat
234 4020 241 4061 ;
258 4012 285 4051 tu
296 4018 351 4051 vero
359 4005 500 4064 preteritum
509 4002 590 4050 tuleris
601 4001 647 4063 (ita
697 4013 753 4051 tres.
764 4001 846 4066 probe.
867 4000 999 4050 Herusrcs.
1021 4000 1194 4052 doleremus

150 4074 212 4124 enim
229 4077 282 4142 lego
293 4093 323 4125 ex
340 4077 425 4136 MSS.)
441 4077 465 4125 id
480 4085 517 4125 est
530 4075 646 4139 quidquid
696 4077 794 4143 probum
804 4085 854 4134 est;
870 4090 899 4123 ea
914 4083 969 4122 sunt
981 4073 1049 4122 nimis
1056 4075 1157 4135 erudita,
1169 4088 1195 4127 et

151 4147 181 4196 ab
191 4151 279 4216 etjam
296 4160 351 4200 aute
367 4149 530 4216 impetravisti,
548 4158 572 4197 ot
589 4150 647 4196 utilit
697 4159 785 4198 rcnrota
804 4161 817 4197 a
838 4147 927 4213 vulgari
944 4156 969 4197 et
986 4146 1123 4212 quotidiano
1140 4167 1194 4207 usu,
