<?xml version="1.0" encoding="UTF-8"?>
<!DOCTYPE html PUBLIC "-//W3C//DTD XHTML 1.0 Transitional//EN"
    "http://www.w3.org/TR/xhtml1/DTD/xhtml1-transitional.dtd">
<html xmlns="http://www.w3.org/1999/xhtml" xml:lang="en" lang="en">
 <head>
  <title>
</title>
<meta http-equiv="Content-Type" content="text/html;charset=utf-8" />
  <meta name='ocr-system' content='tesseract 3.04.00' />
  <meta name='ocr-capabilities' content='ocr_page ocr_carea ocr_par ocr_line ocrx_word'/>
</head>
<body>
  <div class='ocr_page' id='page_1' title='image "./povidiinasoniso01burmgoog_0215.png"; bbox 0 0 2896 4980; ppageno 0'>
   <div class='ocr_carea' id='block_1_1' title="bbox 482 324 962 396">
    <p class='ocr_par' dir='ltr' id='par_1_1' title="bbox 482 324 962 396">
     <span class='ocr_line' id='line_1_1' title="bbox 482 324 962 396; baseline 0.008 -4"><span class='ocrx_word' id='word_1_1' title='bbox 482 324 741 393; x_wconf 84' lang='lat' dir='ltr'><strong>HEROIDES.</strong></span> <span class='ocrx_word' id='word_1_2' title='bbox 764 328 835 395; x_wconf 84' lang='grc' dir='ltr'>ΕΡ.</span> <span class='ocrx_word' id='word_1_3' title='bbox 859 330 962 396; x_wconf 89' lang='lat' dir='ltr'><strong>XVI.</strong></span> 
     </span>
    </p>
   </div>
   <div class='ocr_carea' id='block_1_2' title="bbox 202 499 1243 1064">
    <p class='ocr_par' dir='ltr' id='par_1_2' title="bbox 204 499 1084 720">
     <span class='ocr_line' id='line_1_2' title="bbox 204 499 1084 593; baseline 0.008 -19"><span class='ocrx_word' id='word_1_4' title='bbox 204 499 386 574; x_wconf 86' lang='lat' dir='ltr'>Constitit</span> <span class='ocrx_word' id='word_1_5' title='bbox 402 511 490 575; x_wconf 89' lang='lat' dir='ltr'>ante</span> <span class='ocrx_word' id='word_1_6' title='bbox 507 502 648 587; x_wconf 91' lang='lat' dir='ltr'>oculos,</span> <span class='ocrx_word' id='word_1_7' title='bbox 668 512 775 576; x_wconf 88' lang='lat' dir='ltr'>actus</span> <span class='ocrx_word' id='word_1_8' title='bbox 793 504 985 577; x_wconf 90' lang='lat' dir='ltr'>velocibus</span> <span class='ocrx_word' id='word_1_9' title='bbox 1003 508 1084 593; x_wconf 83' lang='lat' dir='ltr'>elis,</span> 
     </span>
     <span class='ocr_line' id='line_1_3' title="bbox 252 616 977 720; baseline 0.006 -30"><span class='ocrx_word' id='word_1_10' title='bbox 252 616 416 691; x_wconf 83' lang='lat' dir='ltr'>Atlantis</span> <span class='ocrx_word' id='word_1_11' title='bbox 434 619 560 715; x_wconf 80' lang='lat' dir='ltr'>magni</span> <span class='ocrx_word' id='word_1_12' title='bbox 579 618 831 716; x_wconf 73' lang='lat' dir='ltr'>Pleionesque</span> <span class='ocrx_word' id='word_1_13' title='bbox 847 645 977 720; x_wconf 92' lang='lat' dir='ltr'>nepos.</span> 
     </span>
    </p>

    <p class='ocr_par' dir='ltr' id='par_1_3' title="bbox 205 731 1081 949">
     <span class='ocr_line' id='line_1_4' title="bbox 205 731 1081 823; baseline 0.005 -18"><span class='ocrx_word' id='word_1_14' title='bbox 205 731 278 807; x_wconf 87' lang='lat' dir='ltr'>Fas</span> <span class='ocrx_word' id='word_1_15' title='bbox 296 733 435 808; x_wconf 88' lang='lat' dir='ltr'>vidisse</span> <span class='ocrx_word' id='word_1_16' title='bbox 452 734 545 823; x_wconf 84' lang='lat' dir='ltr'>fuit3</span> <span class='ocrx_word' id='word_1_17' title='bbox 574 735 630 809; x_wconf 90' lang='lat' dir='ltr'>sas</span> <span class='ocrx_word' id='word_1_18' title='bbox 649 736 698 808; x_wconf 91' lang='lat' dir='ltr'>sit</span> <span class='ocrx_word' id='word_1_19' title='bbox 715 736 805 810; x_wconf 93' lang='lat' dir='ltr'>mibi</span> <span class='ocrx_word' id='word_1_20' title='bbox 823 738 904 811; x_wconf 84' lang='lat' dir='ltr'>visa</span> <span class='ocrx_word' id='word_1_21' title='bbox 921 736 1081 812; x_wconf 83' lang='lat' dir='ltr'>referre:</span> 
     </span>
     <span class='ocr_line' id='line_1_5' title="bbox 253 847 964 949; baseline 0.004 -26"><span class='ocrx_word' id='word_1_22' title='bbox 253 847 377 947; x_wconf 87' lang='lat' dir='ltr'>Inque</span> <span class='ocrx_word' id='word_1_23' title='bbox 396 850 469 924; x_wconf 91' lang='lat' dir='ltr'>Dei</span> <span class='ocrx_word' id='word_1_24' title='bbox 487 852 614 947; x_wconf 86' lang='lat' dir='ltr'><strong>digitis</strong></span> <span class='ocrx_word' id='word_1_25' title='bbox 633 876 746 926; x_wconf 85' lang='lat' dir='ltr'>aurea</span> <span class='ocrx_word' id='word_1_26' title='bbox 762 853 866 949; x_wconf 83' lang='lat' dir='ltr'>virga</span> <span class='ocrx_word' id='word_1_27' title='bbox 881 853 964 927; x_wconf 84' lang='lat' dir='ltr'>fuit.</span> 
     </span>
    </p>

    <p class='ocr_par' dir='ltr' id='par_1_4' title="bbox 202 962 1243 1064">
     <span class='ocr_line' id='line_1_6' title="bbox 202 962 1243 1064; baseline 0.009 -26"><span class='ocrx_word' id='word_1_28' title='bbox 202 962 371 1064; x_wconf 81' lang='lat' dir='ltr'>Tresque</span> <span class='ocrx_word' id='word_1_29' title='bbox 389 968 500 1041; x_wconf 89' lang='lat' dir='ltr'>simul</span> <span class='ocrx_word' id='word_1_30' title='bbox 515 968 633 1055; x_wconf 87' lang='lat' dir='ltr'>Divae,</span> <span class='ocrx_word' id='word_1_31' title='bbox 647 968 790 1054; x_wconf 75' lang='lat' dir='ltr'>VenuS,</span> <span class='ocrx_word' id='word_1_32' title='bbox 805 980 844 1043; x_wconf 86' lang='lat' dir='ltr'>et</span> <span class='ocrx_word' id='word_1_33' title='bbox 860 993 946 1042; x_wconf 89' lang='lat' dir='ltr'>curn</span> <span class='ocrx_word' id='word_1_34' title='bbox 960 968 1116 1045; x_wconf 86' lang='lat' dir='ltr'>Pallade</span> <span class='ocrx_word' id='word_1_35' title='bbox 1130 971 1243 1060; x_wconf 82' lang='lat' dir='ltr'>June,</span> 
     </span>
    </p>
   </div>
   <div class='ocr_carea' id='block_1_3' title="bbox 251 1081 1037 1184">
    <p class='ocr_par' dir='ltr' id='par_1_5' title="bbox 251 1081 1037 1184">
     <span class='ocr_line' id='line_1_7' title="bbox 251 1081 1037 1184; baseline 0.004 -29"><span class='ocrx_word' id='word_1_36' title='bbox 251 1081 495 1157; x_wconf 83' lang='lat' dir='ltr'>Graminibus</span> <span class='ocrx_word' id='word_1_37' title='bbox 512 1095 660 1158; x_wconf 88' lang='lat' dir='ltr'>teneros</span> <span class='ocrx_word' id='word_1_38' title='bbox 679 1086 890 1184; x_wconf 89' lang='lat' dir='ltr'>imposuere</span> <span class='ocrx_word' id='word_1_39' title='bbox 906 1086 1037 1182; x_wconf 90' lang='lat' dir='ltr'>pedes.</span> 
     </span>
    </p>
   </div>
   <div class='ocr_carea' id='block_1_4' title="bbox 1195 1094 1243 1162">
    <p class='ocr_par' dir='ltr' id='par_1_6' title="bbox 1195 1094 1243 1162">
     <span class='ocr_line' id='line_1_8' title="bbox 1195 1094 1243 1162; baseline 0 0"><span class='ocrx_word' id='word_1_40' title='bbox 1195 1094 1243 1162; x_wconf 89' lang='lat'>66</span> 
     </span>
    </p>
   </div>
   <div class='ocr_carea' id='block_1_5' title="bbox 202 1196 1148 1522">
    <p class='ocr_par' dir='ltr' id='par_1_7' title="bbox 202 1196 1148 1522">
     <span class='ocr_line' id='line_1_9' title="bbox 203 1196 1148 1298; baseline 0.004 -27"><span class='ocrx_word' id='word_1_41' title='bbox 203 1196 407 1298; x_wconf 85' lang='lat' dir='ltr'>Obstupui,</span> <span class='ocrx_word' id='word_1_42' title='bbox 427 1200 650 1298; x_wconf 88' lang='lat' dir='ltr'>gelidusque</span> <span class='ocrx_word' id='word_1_43' title='bbox 667 1224 794 1273; x_wconf 88' lang='lat' dir='ltr'>comas</span> <span class='ocrx_word' id='word_1_44' title='bbox 812 1211 984 1274; x_wconf 85' lang='lat' dir='ltr'>erexerat</span> <span class='ocrx_word' id='word_1_45' title='bbox 1000 1201 1148 1291; x_wconf 87' lang='lat' dir='ltr'>horror;</span> 
     </span>
     <span class='ocr_line' id='line_1_10' title="bbox 251 1313 1122 1403; baseline 0.001 -14"><span class='ocrx_word' id='word_1_46' title='bbox 251 1313 352 1389; x_wconf 85' lang='lat' dir='ltr'>Cum</span> <span class='ocrx_word' id='word_1_47' title='bbox 369 1315 473 1403; x_wconf 92' lang='lat' dir='ltr'>mihi,</span> <span class='ocrx_word' id='word_1_48' title='bbox 494 1315 600 1390; x_wconf 92' lang='lat' dir='ltr'>Pone</span> <span class='ocrx_word' id='word_1_49' title='bbox 617 1326 772 1403; x_wconf 90' lang='lat' dir='ltr'>metum,</span> <span class='ocrx_word' id='word_1_50' title='bbox 791 1315 944 1389; x_wconf 89' lang='lat' dir='ltr'>nuntius</span> <span class='ocrx_word' id='word_1_51' title='bbox 962 1316 1040 1390; x_wconf 91' lang='lat' dir='ltr'>ales</span> <span class='ocrx_word' id='word_1_52' title='bbox 1058 1317 1122 1391; x_wconf 82' lang='lat' dir='ltr'>ait.</span> 
     </span>
     <span class='ocr_line' id='line_1_11' title="bbox 202 1427 1126 1522; baseline 0.002 -19"><span class='ocrx_word' id='word_1_53' title='bbox 202 1427 351 1505; x_wconf 80' lang='lat' dir='ltr'>Arbiter</span> <span class='ocrx_word' id='word_1_54' title='bbox 368 1456 411 1506; x_wconf 90' lang='lat' dir='ltr'>es</span> <span class='ocrx_word' id='word_1_55' title='bbox 427 1432 578 1507; x_wconf 85' lang='lat' dir='ltr'>formae:</span> <span class='ocrx_word' id='word_1_56' title='bbox 607 1433 811 1507; x_wconf 82' lang='lat' dir='ltr'>certamine</span> <span class='ocrx_word' id='word_1_57' title='bbox 828 1432 919 1506; x_wconf 85' lang='lat' dir='ltr'>siste</span> <span class='ocrx_word' id='word_1_58' title='bbox 939 1431 1126 1522; x_wconf 81' lang='lat' dir='ltr'>Dearum3</span> 
     </span>
    </p>
   </div>
   <div class='ocr_carea' id='block_1_6' title="bbox 249 1544 1062 1647">
    <p class='ocr_par' dir='ltr' id='par_1_8' title="bbox 249 1544 1062 1647">
     <span class='ocr_line' id='line_1_12' title="bbox 249 1544 1062 1647; baseline 0.007 -30"><span class='ocrx_word' id='word_1_59' title='bbox 249 1544 412 1622; x_wconf 87' lang='lat' dir='ltr'>Vincere</span> <span class='ocrx_word' id='word_1_60' title='bbox 430 1574 514 1647; x_wconf 87' lang='lat' dir='ltr'>quae</span> <span class='ocrx_word' id='word_1_61' title='bbox 532 1548 650 1622; x_wconf 78' lang='lat' dir='ltr'>forme</span> <span class='ocrx_word' id='word_1_62' title='bbox 667 1549 781 1646; x_wconf 85' lang='lat' dir='ltr'>digna</span> <span class='ocrx_word' id='word_1_63' title='bbox 797 1548 847 1621; x_wconf 90' lang='lat' dir='ltr'>sit</span> <span class='ocrx_word' id='word_1_64' title='bbox 863 1571 938 1621; x_wconf 87' lang='lat' dir='ltr'>una</span> <span class='ocrx_word' id='word_1_65' title='bbox 954 1548 1062 1623; x_wconf 88' lang='lat' dir='ltr'>duas.</span> 
     </span>
    </p>
   </div>
   <div class='ocr_carea' id='block_1_7' title="bbox 1194 1556 1243 1623">
    <p class='ocr_par' dir='ltr' id='par_1_9' title="bbox 1194 1556 1243 1623">
     <span class='ocr_line' id='line_1_13' title="bbox 1194 1556 1243 1623; baseline 0 0"><span class='ocrx_word' id='word_1_66' title='bbox 1194 1556 1243 1623; x_wconf 90' lang='grc'>70</span> 
     </span>
    </p>
   </div>
   <div class='ocr_carea' id='block_1_8' title="bbox 204 1660 1144 1855">
    <p class='ocr_par' dir='ltr' id='par_1_10' title="bbox 204 1660 1144 1855">
     <span class='ocr_line' id='line_1_14' title="bbox 204 1660 1144 1761; baseline 0.005 -26"><span class='ocrx_word' id='word_1_67' title='bbox 204 1660 308 1738; x_wconf 88' lang='lat' dir='ltr'>Neve</span> <span class='ocrx_word' id='word_1_68' title='bbox 327 1687 552 1751; x_wconf 86' lang='lat' dir='ltr'>recusarem,</span> <span class='ocrx_word' id='word_1_69' title='bbox 571 1664 693 1738; x_wconf 87' lang='lat' dir='ltr'>verbis</span> <span class='ocrx_word' id='word_1_70' title='bbox 711 1664 815 1738; x_wconf 91' lang='lat' dir='ltr'>Jovis</span> <span class='ocrx_word' id='word_1_71' title='bbox 834 1664 1013 1761; x_wconf 83' lang='lat' dir='ltr'>imperat:</span> <span class='ocrx_word' id='word_1_72' title='bbox 1046 1675 1085 1740; x_wconf 92' lang='lat' dir='ltr'>et</span> <span class='ocrx_word' id='word_1_73' title='bbox 1102 1690 1144 1740; x_wconf 89' lang='lat' dir='ltr'>se</span> 
     </span>
     <span class='ocr_line' id='line_1_15' title="bbox 250 1775 984 1855; baseline 0.004 -3"><span class='ocrx_word' id='word_1_74' title='bbox 250 1775 429 1855; x_wconf 90' lang='lat' dir='ltr'>Protinus</span> <span class='ocrx_word' id='word_1_75' title='bbox 448 1781 612 1855; x_wconf 71' lang='lat' dir='ltr'>aethereb</span> <span class='ocrx_word' id='word_1_76' title='bbox 629 1781 725 1855; x_wconf 91' lang='lat' dir='ltr'>tollit</span> <span class='ocrx_word' id='word_1_77' title='bbox 742 1781 780 1855; x_wconf 92' lang='lat' dir='ltr'>in</span> <span class='ocrx_word' id='word_1_78' title='bbox 797 1792 898 1855; x_wconf 87' lang='lat' dir='ltr'>astra</span> <span class='ocrx_word' id='word_1_79' title='bbox 913 1781 984 1855; x_wconf 73' lang='lat' dir='ltr'>vid.</span> 
     </span>
    </p>
   </div>
   <div class='ocr_carea' id='block_1_9' title="bbox 196 2160 696 3115">
    <p class='ocr_par' dir='ltr' id='par_1_11' title="bbox 201 2160 696 2234">
     <span class='ocr_line' id='line_1_16' title="bbox 201 2160 696 2234; baseline 0.01 -23"><span class='ocrx_word' id='word_1_80' title='bbox 201 2160 331 2213; x_wconf 75' lang='lat' dir='ltr'>limsros.</span> <span class='ocrx_word' id='word_1_81' title='bbox 367 2163 422 2212; x_wconf 81' lang='lat' dir='ltr'>Veri</span> <span class='ocrx_word' id='word_1_82' title='bbox 433 2164 505 2214; x_wconf 83' lang='lat' dir='ltr'>etiem</span> <span class='ocrx_word' id='word_1_83' title='bbox 516 2166 605 2215; x_wconf 73' lang='lat' dir='ltr'>Donrre</span> <span class='ocrx_word' id='word_1_84' title='bbox 616 2166 696 2234; x_wconf 78' lang='lat' dir='ltr'>plece-</span> 
     </span>
    </p>

    <p class='ocr_par' dir='ltr' id='par_1_12' title="bbox 201 2235 695 2305">
     <span class='ocr_line' id='line_1_17' title="bbox 201 2235 695 2305; baseline 0.01 -20"><span class='ocrx_word' id='word_1_85' title='bbox 201 2235 250 2286; x_wconf 81' lang='lat' dir='ltr'>bst.</span> <span class='ocrx_word' id='word_1_86' title='bbox 283 2235 398 2286; x_wconf 81' lang='lat' dir='ltr'>Similiter</span> <span class='ocrx_word' id='word_1_87' title='bbox 407 2254 463 2286; x_wconf 82' lang='lat' dir='ltr'>sero</span> <span class='ocrx_word' id='word_1_88' title='bbox 473 2240 580 2305; x_wconf 85' lang='lat' dir='ltr'>Propert.</span> <span class='ocrx_word' id='word_1_89' title='bbox 592 2240 627 2288; x_wconf 92' lang='lat' dir='ltr'>iii.</span> <span class='ocrx_word' id='word_1_90' title='bbox 655 2242 695 2290; x_wconf 87' lang='lat' dir='ltr'>El.</span> 
     </span>
    </p>

    <p class='ocr_par' dir='ltr' id='par_1_13' title="bbox 201 2309 694 2452">
     <span class='ocr_line' id='line_1_18' title="bbox 201 2309 694 2378; baseline 0.006 -19"><span class='ocrx_word' id='word_1_91' title='bbox 201 2309 233 2359; x_wconf 83' lang='lat' dir='ltr'>xi.</span> <span class='ocrx_word' id='word_1_92' title='bbox 240 2312 282 2361; x_wconf 81' lang='grc'>61.</span> <span class='ocrx_word' id='word_1_93' title='bbox 294 2328 367 2378; x_wconf 84' lang='lat' dir='ltr'>quern</span> <span class='ocrx_word' id='word_1_94' title='bbox 375 2310 481 2361; x_wconf 87' lang='lat' dir='ltr'>imitatus</span> <span class='ocrx_word' id='word_1_95' title='bbox 491 2313 584 2363; x_wconf 89' lang='lat' dir='ltr'>videtur</span> <span class='ocrx_word' id='word_1_96' title='bbox 595 2315 694 2364; x_wconf 84' lang='lat' dir='ltr'>Noster:</span> 
     </span>
     <span class='ocr_line' id='line_1_19' title="bbox 231 2384 600 2452; baseline 0.003 -18"><span class='ocrx_word' id='word_1_97' title='bbox 231 2384 301 2435; x_wconf 67' lang='lat' dir='ltr'>cete</span> <span class='ocrx_word' id='word_1_98' title='bbox 314 2387 401 2449; x_wconf 62' lang='lat' dir='ltr'>loqum</span> <span class='ocrx_word' id='word_1_99' title='bbox 414 2389 451 2434; x_wconf 79' lang='lat' dir='ltr'>ted</span> <span class='ocrx_word' id='word_1_100' title='bbox 461 2388 600 2452; x_wconf 74' lang='lat' dir='ltr'>nullnfirles.</span> 
     </span>
    </p>

    <p class='ocr_par' dir='ltr' id='par_1_14' title="bbox 198 2458 696 2877">
     <span class='ocr_line' id='line_1_20' title="bbox 229 2458 696 2524; baseline 0.002 -15"><span class='ocrx_word' id='word_1_101' title='bbox 229 2458 272 2509; x_wconf 68' lang='grc'>01.</span> <span class='ocrx_word' id='word_1_102' title='bbox 291 2458 401 2509; x_wconf 71' lang='lat' dir='ltr'>Constitit</span> <span class='ocrx_word' id='word_1_103' title='bbox 412 2470 465 2508; x_wconf 84' lang='lat' dir='ltr'>onte</span> <span class='ocrx_word' id='word_1_104' title='bbox 475 2461 571 2524; x_wconf 69' lang='lat' dir='ltr'>oculos]</span> <span class='ocrx_word' id='word_1_105' title='bbox 585 2461 647 2510; x_wconf 89' lang='lat' dir='ltr'>Cum</span> <span class='ocrx_word' id='word_1_106' title='bbox 658 2460 696 2510; x_wconf 86' lang='lat' dir='ltr'>bis</span> 
     </span>
     <span class='ocr_line' id='line_1_21' title="bbox 200 2533 694 2602; baseline 0.004 -20"><span class='ocrx_word' id='word_1_107' title='bbox 200 2540 223 2582; x_wconf 85' lang='lat' dir='ltr'>et</span> <span class='ocrx_word' id='word_1_108' title='bbox 236 2533 392 2599; x_wconf 78' lang='lat' dir='ltr'>sequentibus</span> <span class='ocrx_word' id='word_1_109' title='bbox 402 2533 460 2583; x_wconf 82' lang='lat' dir='ltr'>inire</span> <span class='ocrx_word' id='word_1_110' title='bbox 475 2535 606 2602; x_wconf 84' lang='lat' dir='ltr'>conspirare</span> <span class='ocrx_word' id='word_1_111' title='bbox 622 2536 694 2585; x_wconf 90' lang='lat' dir='ltr'>Colu-</span> 
     </span>
     <span class='ocr_line' id='line_1_22' title="bbox 199 2604 695 2670; baseline 0.004 -15"><span class='ocrx_word' id='word_1_112' title='bbox 199 2604 274 2665; x_wconf 76' lang='lat' dir='ltr'>tltm,</span> <span class='ocrx_word' id='word_1_113' title='bbox 284 2611 314 2656; x_wconf 82' lang='lat' dir='ltr'>de</span> <span class='ocrx_word' id='word_1_114' title='bbox 324 2607 407 2670; x_wconf 75' lang='lat' dir='ltr'>Raptis</span> <span class='ocrx_word' id='word_1_115' title='bbox 417 2608 517 2664; x_wconf 74' lang='lat' dir='ltr'>Helene,</span> <span class='ocrx_word' id='word_1_116' title='bbox 528 2624 589 2657; x_wconf 86' lang='lat' dir='ltr'>vers.</span> <span class='ocrx_word' id='word_1_117' title='bbox 606 2610 661 2658; x_wconf 89' lang='grc'><strong>119.</strong></span> <span class='ocrx_word' id='word_1_118' title='bbox 671 2617 695 2657; x_wconf 89' lang='lat' dir='ltr'>et</span> 
     </span>
     <span class='ocr_line' id='line_1_23' title="bbox 198 2680 695 2745; baseline 0.002 -15"><span class='ocrx_word' id='word_1_119' title='bbox 198 2680 353 2745; x_wconf 75' lang='lat' dir='ltr'>sqq-sorevit</span> <span class='ocrx_word' id='word_1_120' title='bbox 367 2680 509 2745; x_wconf 73' lang='lat' dir='ltr'>jamdudum</span> <span class='ocrx_word' id='word_1_121' title='bbox 520 2681 555 2729; x_wconf 94' lang='lat' dir='ltr'>vir</span> <span class='ocrx_word' id='word_1_122' title='bbox 570 2683 596 2731; x_wconf 91' lang='lat' dir='ltr'>in</span> <span class='ocrx_word' id='word_1_123' title='bbox 611 2682 695 2731; x_wconf 86' lang='lat' dir='ltr'>litteris</span> 
     </span>
     <span class='ocr_line' id='line_1_24' title="bbox 198 2754 694 2819; baseline 0.004 -15"><span class='ocrx_word' id='word_1_124' title='bbox 198 2754 280 2819; x_wconf 72' lang='lat' dir='ltr'>grecis</span> <span class='ocrx_word' id='word_1_125' title='bbox 289 2754 462 2805; x_wconf 71' lang='lat' dir='ltr'>vemtisimus</span> <span class='ocrx_word' id='word_1_126' title='bbox 471 2757 541 2806; x_wconf 87' lang='lat' dir='ltr'>Joan.</span> <span class='ocrx_word' id='word_1_127' title='bbox 552 2754 618 2805; x_wconf 84' lang='lat' dir='ltr'>Dn&#39;n.</span> <span class='ocrx_word' id='word_1_128' title='bbox 630 2758 694 2806; x_wconf 82' lang='lat' dir='ltr'>Lnrr·</span> 
     </span>
     <span class='ocr_line' id='line_1_25' title="bbox 199 2842 255 2877; baseline 0.036 -2"><span class='ocrx_word' id='word_1_129' title='bbox 199 2842 255 2877; x_wconf 77' lang='lat' dir='ltr'>sss.</span> 
     </span>
    </p>

    <p class='ocr_par' dir='ltr' id='par_1_15' title="bbox 196 2902 695 3115">
     <span class='ocr_line' id='line_1_26' title="bbox 228 2902 695 2967; baseline 0.002 -16"><span class='ocrx_word' id='word_1_130' title='bbox 228 2902 271 2951; x_wconf 72' lang='lat'>02.</span> <span class='ocrx_word' id='word_1_131' title='bbox 288 2904 393 2951; x_wconf 75' lang='lat' dir='ltr'>Atlantis</span> <span class='ocrx_word' id='word_1_132' title='bbox 401 2906 487 2967; x_wconf 82' lang='lat' dir='ltr'>magni,</span> <span class='ocrx_word' id='word_1_133' title='bbox 500 2904 646 2967; x_wconf 75' lang='lat' dir='ltr'>Pleionesque</span> <span class='ocrx_word' id='word_1_134' title='bbox 656 2922 695 2953; x_wconf 82' lang='lat' dir='ltr'>ne-</span> 
     </span>
     <span class='ocr_line' id='line_1_27' title="bbox 196 2976 694 3044; baseline 0 -17"><span class='ocrx_word' id='word_1_135' title='bbox 196 2976 255 3041; x_wconf 68' lang='lat' dir='ltr'>m]</span> <span class='ocrx_word' id='word_1_136' title='bbox 266 2976 328 3027; x_wconf 75' lang='lat' dir='ltr'>uec</span> <span class='ocrx_word' id='word_1_137' title='bbox 338 2976 410 3026; x_wconf 88' lang='lat' dir='ltr'>lectio</span> <span class='ocrx_word' id='word_1_138' title='bbox 417 2978 507 3035; x_wconf 87' lang='lat' dir='ltr'>melior,</span> <span class='ocrx_word' id='word_1_139' title='bbox 515 2994 595 3044; x_wconf 82' lang='lat' dir='ltr'>quem,</span> <span class='ocrx_word' id='word_1_140' title='bbox 606 2988 633 3027; x_wconf 92' lang='lat' dir='ltr'>ut</span> <span class='ocrx_word' id='word_1_141' title='bbox 642 2978 694 3044; x_wconf 89' lang='lat' dir='ltr'>qui-</span> 
     </span>
     <span class='ocr_line' id='line_1_28' title="bbox 197 3048 695 3115; baseline -0.004 -14"><span class='ocrx_word' id='word_1_142' title='bbox 197 3048 253 3101; x_wconf 75' lang='lat' dir='ltr'>tlm</span> <span class='ocrx_word' id='word_1_143' title='bbox 262 3050 362 3108; x_wconf 79' lang='lat' dir='ltr'>hebent,</span> <span class='ocrx_word' id='word_1_144' title='bbox 375 3052 520 3115; x_wconf 76' lang='lat' dir='ltr'>Atlantisqae</span> <span class='ocrx_word' id='word_1_145' title='bbox 532 3069 605 3114; x_wconf 83' lang='lat' dir='ltr'>nepos,</span> <span class='ocrx_word' id='word_1_146' title='bbox 617 3052 695 3101; x_wconf 83' lang='lat' dir='ltr'>Pleio-</span> 
     </span>
    </p>
   </div>
   <div class='ocr_carea' id='block_1_10' title="bbox 196 3125 695 3191">
    <p class='ocr_par' dir='ltr' id='par_1_16' title="bbox 196 3125 695 3191">
     <span class='ocr_line' id='line_1_29' title="bbox 196 3125 695 3191; baseline 0.006 -20"><span class='ocrx_word' id='word_1_147' title='bbox 196 3140 363 3190; x_wconf 59' lang='grc' dir='ltr'><strong>ψῆφοι.</strong></span> <span class='ocrx_word' id='word_1_148' title='bbox 395 3125 500 3175; x_wconf 81' lang='lat' dir='ltr'>Tametsi</span> <span class='ocrx_word' id='word_1_149' title='bbox 516 3126 579 3175; x_wconf 89' lang='lat' dir='ltr'>enim</span> <span class='ocrx_word' id='word_1_150' title='bbox 596 3128 695 3191; x_wconf 74' lang='lat' dir='ltr'>liguram</span> 
     </span>
    </p>
   </div>
   <div class='ocr_carea' id='block_1_11' title="bbox 196 3198 695 3339">
    <p class='ocr_par' dir='ltr' id='par_1_17' title="bbox 196 3198 695 3339">
     <span class='ocr_line' id='line_1_30' title="bbox 196 3198 695 3265; baseline 0.004 -17"><span class='ocrx_word' id='word_1_151' title='bbox 196 3206 330 3265; x_wconf 79' lang='lat' dir='ltr'>tsptemnt,</span> <span class='ocrx_word' id='word_1_152' title='bbox 342 3198 384 3264; x_wconf 91' lang='lat' dir='ltr'>qui</span> <span class='ocrx_word' id='word_1_153' title='bbox 401 3198 435 3248; x_wconf 88' lang='lat' dir='ltr'>sic</span> <span class='ocrx_word' id='word_1_154' title='bbox 449 3200 546 3265; x_wconf 85' lang='lat' dir='ltr'>legunt:</span> <span class='ocrx_word' id='word_1_155' title='bbox 564 3209 600 3248; x_wconf 86' lang='lat' dir='ltr'>est</span> <span class='ocrx_word' id='word_1_156' title='bbox 615 3211 695 3250; x_wconf 88' lang='lat' dir='ltr'>tamen</span> 
     </span>
     <span class='ocr_line' id='line_1_31' title="bbox 196 3271 695 3339; baseline 0 -17"><span class='ocrx_word' id='word_1_157' title='bbox 196 3271 279 3339; x_wconf 73' lang='lat' dir='ltr'>inepte</span> <span class='ocrx_word' id='word_1_158' title='bbox 298 3272 430 3322; x_wconf 71' lang='lat' dir='ltr'>affectans.</span> <span class='ocrx_word' id='word_1_159' title='bbox 474 3275 591 3338; x_wconf 89' lang='lat' dir='ltr'>Intelligit</span> <span class='ocrx_word' id='word_1_160' title='bbox 615 3284 695 3325; x_wconf 84' lang='lat' dir='ltr'>autem</span> 
     </span>
    </p>
   </div>
   <div class='ocr_carea' id='block_1_12' title="bbox 191 3344 694 4223">
    <p class='ocr_par' dir='ltr' id='par_1_18' title="bbox 195 3344 694 3471">
     <span class='ocr_line' id='line_1_32' title="bbox 195 3344 694 3410; baseline 0.004 -15"><span class='ocrx_word' id='word_1_161' title='bbox 195 3344 352 3402; x_wconf 69' lang='lat' dir='ltr'>temanum,</span> <span class='ocrx_word' id='word_1_162' title='bbox 376 3346 443 3410; x_wconf 89' lang='lat' dir='ltr'>cnjus</span> <span class='ocrx_word' id='word_1_163' title='bbox 460 3357 536 3396; x_wconf 84' lang='lat' dir='ltr'>mater</span> <span class='ocrx_word' id='word_1_164' title='bbox 551 3348 621 3397; x_wconf 82' lang='lat' dir='ltr'>Maia</span> <span class='ocrx_word' id='word_1_165' title='bbox 641 3348 694 3406; x_wconf 83' lang='lat' dir='ltr'>suit,</span> 
     </span>
     <span class='ocr_line' id='line_1_33' title="bbox 195 3418 661 3471; baseline 0 0"><span class='ocrx_word' id='word_1_166' title='bbox 195 3418 364 3471; x_wconf 58' lang='lat' dir='ltr'>&amp;suumne</span> <span class='ocrx_word' id='word_1_167' title='bbox 373 3427 399 3467; x_wconf 85' lang='lat' dir='ltr'>et</span> <span class='ocrx_word' id='word_1_168' title='bbox 408 3419 529 3470; x_wconf 89' lang='lat' dir='ltr'>Pleiones.</span> <span class='ocrx_word' id='word_1_169' title='bbox 563 3424 661 3471; x_wconf 81' lang='lat' dir='ltr'>lllrcvn.</span> 
     </span>
    </p>

    <p class='ocr_par' dir='ltr' id='par_1_19' title="bbox 195 3493 694 4004">
     <span class='ocr_line' id='line_1_34' title="bbox 226 3493 694 3558; baseline 0.009 -17"><span class='ocrx_word' id='word_1_170' title='bbox 226 3494 268 3544; x_wconf 63' lang='lat' dir='ltr'>m</span> <span class='ocrx_word' id='word_1_171' title='bbox 295 3493 342 3542; x_wconf 78' lang='lat' dir='ltr'>Fas</span> <span class='ocrx_word' id='word_1_172' title='bbox 374 3494 477 3558; x_wconf 56' lang='lat' dir='ltr'>strom]</span> <span class='ocrx_word' id='word_1_173' title='bbox 504 3496 575 3544; x_wconf 85' lang='lat' dir='ltr'>Hunc</span> <span class='ocrx_word' id='word_1_174' title='bbox 602 3512 694 3545; x_wconf 84' lang='lat' dir='ltr'>versuto</span> 
     </span>
     <span class='ocr_line' id='line_1_35' title="bbox 195 3565 693 3635; baseline 0.006 -18"><span class='ocrx_word' id='word_1_175' title='bbox 195 3565 405 3617; x_wconf 74' lang='lat' dir='ltr'>fllicbtenborstius</span> <span class='ocrx_word' id='word_1_176' title='bbox 425 3576 449 3615; x_wconf 84' lang='lat' dir='ltr'>et</span> <span class='ocrx_word' id='word_1_177' title='bbox 476 3568 589 3619; x_wconf 77' lang='lat' dir='ltr'>Francius</span> <span class='ocrx_word' id='word_1_178' title='bbox 609 3586 693 3635; x_wconf 80' lang='lat' dir='ltr'>peren·</span> 
     </span>
     <span class='ocr_line' id='line_1_36' title="bbox 195 3640 692 3695; baseline 0.006 -2"><span class='ocrx_word' id='word_1_179' title='bbox 195 3640 255 3693; x_wconf 76' lang='lat' dir='ltr'>thesi</span> <span class='ocrx_word' id='word_1_180' title='bbox 264 3641 439 3693; x_wconf 77' lang='lat' dir='ltr'>includendam</span> <span class='ocrx_word' id='word_1_181' title='bbox 447 3645 583 3693; x_wconf 82' lang='lat' dir='ltr'>censebant.</span> <span class='ocrx_word' id='word_1_182' title='bbox 598 3646 692 3695; x_wconf 89' lang='lat' dir='ltr'>sollem-</span> 
     </span>
     <span class='ocr_line' id='line_1_37' title="bbox 196 3718 693 3769; baseline 0.006 -3"><span class='ocrx_word' id='word_1_183' title='bbox 196 3732 249 3767; x_wconf 84' lang='lat' dir='ltr'>nem</span> <span class='ocrx_word' id='word_1_184' title='bbox 267 3733 323 3767; x_wconf 88' lang='lat' dir='ltr'>vero</span> <span class='ocrx_word' id='word_1_185' title='bbox 343 3718 406 3768; x_wconf 79' lang='lat' dir='ltr'>banc</span> <span class='ocrx_word' id='word_1_186' title='bbox 427 3718 452 3767; x_wconf 93' lang='lat' dir='ltr'>in</span> <span class='ocrx_word' id='word_1_187' title='bbox 472 3734 571 3767; x_wconf 83' lang='lat' dir='ltr'>occursu</span> <span class='ocrx_word' id='word_1_188' title='bbox 589 3721 693 3769; x_wconf 78' lang='lat' dir='ltr'>Deorum</span> 
     </span>
     <span class='ocr_line' id='line_1_38' title="bbox 195 3790 694 3856; baseline 0.004 -16"><span class='ocrx_word' id='word_1_189' title='bbox 195 3790 355 3856; x_wconf 64' lang='lat' dir='ltr'>precationem</span> <span class='ocrx_word' id='word_1_190' title='bbox 383 3791 510 3841; x_wconf 81' lang='lat' dir='ltr'>illustravit</span> <span class='ocrx_word' id='word_1_191' title='bbox 535 3791 634 3856; x_wconf 89' lang='lat' dir='ltr'>Lipsius,</span> <span class='ocrx_word' id='word_1_192' title='bbox 662 3795 694 3842; x_wconf 88' lang='lat' dir='ltr'>nd</span> 
     </span>
     <span class='ocr_line' id='line_1_39' title="bbox 195 3864 693 3932; baseline 0.008 -20"><span class='ocrx_word' id='word_1_193' title='bbox 195 3864 238 3914; x_wconf 76' lang='lat' dir='ltr'>ills</span> <span class='ocrx_word' id='word_1_194' title='bbox 251 3866 339 3915; x_wconf 74' lang='lat' dir='ltr'>Senes.</span> <span class='ocrx_word' id='word_1_195' title='bbox 356 3865 434 3932; x_wconf 83' lang='lat' dir='ltr'>Epist.</span> <span class='ocrx_word' id='word_1_196' title='bbox 446 3883 501 3914; x_wconf 84' lang='lat' dir='ltr'>cxv.</span> <span class='ocrx_word' id='word_1_197' title='bbox 534 3866 565 3913; x_wconf 86' lang='lat' dir='ltr'>Ut</span> <span class='ocrx_word' id='word_1_198' title='bbox 567 3866 611 3930; x_wconf 84' lang='lat' dir='ltr'>sos</span> <span class='ocrx_word' id='word_1_199' title='bbox 620 3872 648 3915; x_wconf 88' lang='lat' dir='ltr'>sit</span> <span class='ocrx_word' id='word_1_200' title='bbox 659 3871 693 3915; x_wconf 81' lang='lat' dir='ltr'>ui·</span> 
     </span>
     <span class='ocr_line' id='line_1_40' title="bbox 195 3940 598 4004; baseline -0.005 -15"><span class='ocrx_word' id='word_1_201' title='bbox 195 3940 347 3989; x_wconf 55' lang='lat' dir='ltr'>&amp;amciter</span> <span class='ocrx_word' id='word_1_202' title='bbox 357 3951 476 4004; x_wconf 61' lang='lat' dir='ltr'>pererro.</span> <span class='ocrx_word' id='word_1_203' title='bbox 511 3940 598 3988; x_wconf 66' lang='lat' dir='ltr'>Bona.</span> 
     </span>
    </p>

    <p class='ocr_par' dir='ltr' id='par_1_20' title="bbox 191 4012 693 4223">
     <span class='ocr_line' id='line_1_41' title="bbox 225 4012 693 4078; baseline -0.013 -15"><span class='ocrx_word' id='word_1_204' title='bbox 225 4012 269 4063; x_wconf 71' lang='grc'>61.</span> <span class='ocrx_word' id='word_1_205' title='bbox 287 4012 361 4078; x_wconf 79' lang='lat' dir='ltr'>lnqrse</span> <span class='ocrx_word' id='word_1_206' title='bbox 383 4014 428 4062; x_wconf 77' lang='lat' dir='ltr'>Der·</span> <span class='ocrx_word' id='word_1_207' title='bbox 445 4017 524 4078; x_wconf 78' lang='lat' dir='ltr'>digitis</span> <span class='ocrx_word' id='word_1_208' title='bbox 539 4030 609 4061; x_wconf 82' lang='lat' dir='ltr'>orereo</span> <span class='ocrx_word' id='word_1_209' title='bbox 630 4015 693 4073; x_wconf 74' lang='lat' dir='ltr'>virgo</span> 
     </span>
     <span class='ocr_line' id='line_1_42' title="bbox 191 4084 692 4151; baseline -0.01 -16"><span class='ocrx_word' id='word_1_210' title='bbox 191 4084 267 4151; x_wconf 65' lang='lat' dir='ltr'>snit]</span> <span class='ocrx_word' id='word_1_211' title='bbox 285 4086 381 4138; x_wconf 77' lang='lat' dir='ltr'>Altudir</span> <span class='ocrx_word' id='word_1_212' title='bbox 397 4087 428 4136; x_wconf 81' lang='lat' dir='ltr'>ad</span> <span class='ocrx_word' id='word_1_213' title='bbox 445 4086 625 4150; x_wconf 85' lang='lat' dir='ltr'>descriptionem</span> <span class='ocrx_word' id='word_1_214' title='bbox 638 4084 692 4131; x_wconf 90' lang='lat' dir='ltr'>Vir-</span> 
     </span>
     <span class='ocr_line' id='line_1_43' title="bbox 197 4159 545 4223; baseline -0.011 -13"><span class='ocrx_word' id='word_1_215' title='bbox 197 4159 246 4223; x_wconf 67' lang='lat' dir='ltr'>gilii</span> <span class='ocrx_word' id='word_1_216' title='bbox 256 4160 302 4212; x_wconf 88' lang='lat' dir='ltr'>lib.</span> <span class='ocrx_word' id='word_1_217' title='bbox 317 4160 349 4211; x_wconf 92' lang='lat' dir='ltr'>iv.</span> <span class='ocrx_word' id='word_1_218' title='bbox 359 4162 418 4210; x_wconf 72' lang='lat'>242.</span> <span class='ocrx_word' id='word_1_219' title='bbox 450 4164 545 4210; x_wconf 79' lang='lat' dir='ltr'>Mrcrr.</span> 
     </span>
    </p>
   </div>
   <div class='ocr_carea' id='block_1_13' title="bbox 743 2166 1245 3703">
    <p class='ocr_par' dir='ltr' id='par_1_21' title="bbox 746 2166 1244 2440">
     <span class='ocr_line' id='line_1_44' title="bbox 778 2166 1244 2234; baseline -0.004 -15"><span class='ocrx_word' id='word_1_220' title='bbox 778 2170 819 2219; x_wconf 83' lang='lat'>69.</span> <span class='ocrx_word' id='word_1_221' title='bbox 836 2170 928 2218; x_wconf 75' lang='lat' dir='ltr'>Arbiter</span> <span class='ocrx_word' id='word_1_222' title='bbox 938 2166 1069 2234; x_wconf 74' lang='lat' dir='ltr'>essm.]</span> <span class='ocrx_word' id='word_1_223' title='bbox 1086 2167 1139 2216; x_wconf 88' lang='lat' dir='ltr'>Hoc</span> <span class='ocrx_word' id='word_1_224' title='bbox 1150 2176 1187 2216; x_wconf 89' lang='lat' dir='ltr'>est</span> <span class='ocrx_word' id='word_1_225' title='bbox 1201 2167 1244 2217; x_wconf 88' lang='lat' dir='ltr'>de·</span> 
     </span>
     <span class='ocr_line' id='line_1_45' title="bbox 746 2240 1244 2309; baseline -0.002 -19"><span class='ocrx_word' id='word_1_226' title='bbox 746 2241 823 2292; x_wconf 89' lang='lat' dir='ltr'>lectus</span> <span class='ocrx_word' id='word_1_227' title='bbox 832 2259 859 2293; x_wconf 87' lang='lat' dir='ltr'>es</span> <span class='ocrx_word' id='word_1_228' title='bbox 873 2243 957 2309; x_wconf 79' lang='lat' dir='ltr'>judex,</span> <span class='ocrx_word' id='word_1_229' title='bbox 968 2240 1009 2307; x_wconf 92' lang='lat' dir='ltr'>qui</span> <span class='ocrx_word' id='word_1_230' title='bbox 1027 2242 1057 2290; x_wconf 87' lang='lat' dir='ltr'>de</span> <span class='ocrx_word' id='word_1_231' title='bbox 1070 2242 1144 2290; x_wconf 85' lang='lat' dir='ltr'>lorrns</span> <span class='ocrx_word' id='word_1_232' title='bbox 1160 2241 1244 2291; x_wconf 82' lang='lat' dir='ltr'>harum</span> 
     </span>
     <span class='ocr_line' id='line_1_46' title="bbox 746 2315 1243 2383; baseline -0.004 -18"><span class='ocrx_word' id='word_1_233' title='bbox 746 2317 895 2383; x_wconf 86' lang='lat' dir='ltr'>pronuncies,</span> <span class='ocrx_word' id='word_1_234' title='bbox 907 2332 1017 2382; x_wconf 74' lang='lat' dir='ltr'>quonam</span> <span class='ocrx_word' id='word_1_235' title='bbox 1033 2315 1065 2365; x_wconf 88' lang='lat' dir='ltr'>sit</span> <span class='ocrx_word' id='word_1_236' title='bbox 1074 2315 1243 2382; x_wconf 80' lang='lat' dir='ltr'>pulcherrime.</span> 
     </span>
     <span class='ocr_line' id='line_1_47' title="bbox 746 2392 843 2440; baseline 0.01 -2"><span class='ocrx_word' id='word_1_237' title='bbox 746 2392 843 2440; x_wconf 79' lang='lat' dir='ltr'>Mrcvn.</span> 
     </span>
    </p>

    <p class='ocr_par' dir='ltr' id='par_1_22' title="bbox 744 2462 1245 2747">
     <span class='ocr_line' id='line_1_48' title="bbox 779 2462 1245 2525; baseline -0.002 -12"><span class='ocrx_word' id='word_1_238' title='bbox 779 2466 911 2514; x_wconf 74' lang='lat' dir='ltr'>Certsmm</span> <span class='ocrx_word' id='word_1_239' title='bbox 942 2469 993 2514; x_wconf 78' lang='lat' dir='ltr'>siste</span> <span class='ocrx_word' id='word_1_240' title='bbox 1025 2462 1151 2525; x_wconf 73' lang='lat' dir='ltr'>Deorum]</span> <span class='ocrx_word' id='word_1_241' title='bbox 1187 2462 1245 2512; x_wconf 80' lang='lat' dir='ltr'>Siste</span> 
     </span>
     <span class='ocr_line' id='line_1_49' title="bbox 745 2535 1245 2605; baseline -0.01 -18"><span class='ocrx_word' id='word_1_242' title='bbox 745 2539 814 2597; x_wconf 87' lang='lat' dir='ltr'>dixit,</span> <span class='ocrx_word' id='word_1_243' title='bbox 829 2556 880 2605; x_wconf 90' lang='lat' dir='ltr'>pro,</span> <span class='ocrx_word' id='word_1_244' title='bbox 897 2554 1019 2604; x_wconf 87' lang='lat' dir='ltr'>compone,</span> <span class='ocrx_word' id='word_1_245' title='bbox 1035 2547 1059 2586; x_wconf 86' lang='lat' dir='ltr'>et</span> <span class='ocrx_word' id='word_1_246' title='bbox 1076 2536 1127 2585; x_wconf 86' lang='lat' dir='ltr'>fini.</span> <span class='ocrx_word' id='word_1_247' title='bbox 1162 2535 1245 2583; x_wconf 81' lang='lat' dir='ltr'>Certa-</span> 
     </span>
     <span class='ocr_line' id='line_1_50' title="bbox 744 2611 1243 2677; baseline -0.006 -18"><span class='ocrx_word' id='word_1_248' title='bbox 744 2615 807 2660; x_wconf 80' lang='lat' dir='ltr'>mine</span> <span class='ocrx_word' id='word_1_249' title='bbox 824 2622 903 2661; x_wconf 87' lang='lat' dir='ltr'>nutem</span> <span class='ocrx_word' id='word_1_250' title='bbox 920 2611 1051 2677; x_wconf 82' lang='lat' dir='ltr'>pluraliter,</span> <span class='ocrx_word' id='word_1_251' title='bbox 1062 2625 1104 2674; x_wconf 91' lang='lat' dir='ltr'>pro</span> <span class='ocrx_word' id='word_1_252' title='bbox 1113 2618 1243 2665; x_wconf 72' lang='lat' dir='ltr'>certamen,</span> 
     </span>
     <span class='ocr_line' id='line_1_51' title="bbox 744 2685 1088 2747; baseline -0.015 -12"><span class='ocrx_word' id='word_1_253' title='bbox 744 2685 959 2747; x_wconf 72' lang='grc' dir='ltr'>κατ’ὶναλλαγήν.</span> <span class='ocrx_word' id='word_1_254' title='bbox 991 2685 1088 2731; x_wconf 79' lang='lat' dir='ltr'>Mrcrn.</span> 
     </span>
    </p>

    <p class='ocr_par' dir='ltr' id='par_1_23' title="bbox 743 2757 1243 3703">
     <span class='ocr_line' id='line_1_52' title="bbox 778 2757 1243 2822; baseline -0.011 -14"><span class='ocrx_word' id='word_1_255' title='bbox 778 2762 817 2808; x_wconf 90' lang='grc'>70.</span> <span class='ocrx_word' id='word_1_256' title='bbox 838 2760 932 2806; x_wconf 85' lang='lat' dir='ltr'>Vincere</span> <span class='ocrx_word' id='word_1_257' title='bbox 938 2775 986 2820; x_wconf 78' lang='lat' dir='ltr'>que</span> <span class='ocrx_word' id='word_1_258' title='bbox 987 2757 1068 2822; x_wconf 77' lang='lat' dir='ltr'>ferend</span> <span class='ocrx_word' id='word_1_259' title='bbox 1075 2759 1146 2819; x_wconf 71' lang='lat' dir='ltr'>digno</span> <span class='ocrx_word' id='word_1_260' title='bbox 1154 2759 1184 2803; x_wconf 85' lang='lat' dir='ltr'>tit</span> <span class='ocrx_word' id='word_1_261' title='bbox 1193 2773 1243 2804; x_wconf 79' lang='lat' dir='ltr'>ono</span> 
     </span>
     <span class='ocr_line' id='line_1_53' title="bbox 745 2828 1241 2896; baseline -0.006 -15"><span class='ocrx_word' id='word_1_262' title='bbox 745 2833 825 2896; x_wconf 75' lang='lat' dir='ltr'>duos]</span> <span class='ocrx_word' id='word_1_263' title='bbox 848 2830 1038 2880; x_wconf 84' lang='lat' dir='ltr'>Pronuncinndo.</span> <span class='ocrx_word' id='word_1_264' title='bbox 1059 2831 1098 2878; x_wconf 83' lang='lat' dir='ltr'>Ita</span> <span class='ocrx_word' id='word_1_265' title='bbox 1108 2837 1188 2878; x_wconf 83' lang='lat' dir='ltr'>nutem</span> <span class='ocrx_word' id='word_1_266' title='bbox 1199 2828 1241 2878; x_wconf 79' lang='lat' dir='ltr'>lte·</span> 
     </span>
     <span class='ocr_line' id='line_1_54' title="bbox 744 2901 1243 2956; baseline -0.004 -1"><span class='ocrx_word' id='word_1_267' title='bbox 744 2908 785 2956; x_wconf 85' lang='lat' dir='ltr'>bet</span> <span class='ocrx_word' id='word_1_268' title='bbox 795 2907 887 2955; x_wconf 80' lang='lat' dir='ltr'>lebuln.</span> <span class='ocrx_word' id='word_1_269' title='bbox 921 2905 976 2953; x_wconf 89' lang='lat' dir='ltr'>Diis</span> <span class='ocrx_word' id='word_1_270' title='bbox 992 2903 1126 2955; x_wconf 80' lang='lat' dir='ltr'>convivium</span> <span class='ocrx_word' id='word_1_271' title='bbox 1142 2901 1204 2952; x_wconf 83' lang='lat' dir='ltr'>inter</span> <span class='ocrx_word' id='word_1_272' title='bbox 1216 2919 1243 2953; x_wconf 83' lang='lat' dir='ltr'>se</span> 
     </span>
     <span class='ocr_line' id='line_1_55' title="bbox 746 2974 1242 3045; baseline -0.01 -15"><span class='ocrx_word' id='word_1_273' title='bbox 746 2979 898 3045; x_wconf 77' lang='lat' dir='ltr'>agitantibus,</span> <span class='ocrx_word' id='word_1_274' title='bbox 920 2976 1003 3026; x_wconf 82' lang='lat' dir='ltr'>relicto</span> <span class='ocrx_word' id='word_1_275' title='bbox 1029 2977 1106 3026; x_wconf 81' lang='lat' dir='ltr'>fueret</span> <span class='ocrx_word' id='word_1_276' title='bbox 1130 2974 1190 3031; x_wconf 87' lang='lat' dir='ltr'>Eris,</span> <span class='ocrx_word' id='word_1_277' title='bbox 1212 2992 1242 3025; x_wconf 87' lang='lat' dir='ltr'>ne</span> 
     </span>
     <span class='ocr_line' id='line_1_56' title="bbox 745 3049 1243 3120; baseline -0.01 -16"><span class='ocrx_word' id='word_1_278' title='bbox 745 3071 817 3120; x_wconf 81' lang='lat' dir='ltr'>quern</span> <span class='ocrx_word' id='word_1_279' title='bbox 832 3053 876 3103; x_wconf 81' lang='lat' dir='ltr'>ills</span> <span class='ocrx_word' id='word_1_280' title='bbox 892 3052 1066 3102; x_wconf 87' lang='lat' dir='ltr'>contentionem</span> <span class='ocrx_word' id='word_1_281' title='bbox 1076 3058 1118 3099; x_wconf 85' lang='lat' dir='ltr'>snt</span> <span class='ocrx_word' id='word_1_282' title='bbox 1127 3049 1194 3098; x_wconf 88' lang='lat' dir='ltr'>litem</span> <span class='ocrx_word' id='word_1_283' title='bbox 1205 3066 1243 3099; x_wconf 87' lang='lat' dir='ltr'>se·</span> 
     </span>
     <span class='ocr_line' id='line_1_57' title="bbox 744 3125 1242 3191; baseline -0.012 -14"><span class='ocrx_word' id='word_1_284' title='bbox 744 3135 814 3177; x_wconf 86' lang='lat' dir='ltr'>reret.</span> <span class='ocrx_word' id='word_1_285' title='bbox 832 3127 944 3177; x_wconf 81' lang='lat' dir='ltr'>Getemm</span> <span class='ocrx_word' id='word_1_286' title='bbox 955 3125 1020 3191; x_wconf 91' lang='lat' dir='ltr'>quod</span> <span class='ocrx_word' id='word_1_287' title='bbox 1036 3141 1051 3175; x_wconf 81' lang='lat' dir='ltr'>a</span> <span class='ocrx_word' id='word_1_288' title='bbox 1066 3133 1182 3190; x_wconf 71' lang='lat' dir='ltr'>presente</span> <span class='ocrx_word' id='word_1_289' title='bbox 1193 3140 1242 3172; x_wconf 88' lang='lat' dir='ltr'>rne-</span> 
     </span>
     <span class='ocr_line' id='line_1_58' title="bbox 745 3198 1242 3259; baseline -0.01 -7"><span class='ocrx_word' id='word_1_290' title='bbox 745 3204 861 3259; x_wconf 80' lang='lat' dir='ltr'>tuebntur,</span> <span class='ocrx_word' id='word_1_291' title='bbox 872 3201 898 3250; x_wconf 92' lang='lat' dir='ltr'>id</span> <span class='ocrx_word' id='word_1_292' title='bbox 909 3201 994 3250; x_wconf 82' lang='lat' dir='ltr'>absens</span> <span class='ocrx_word' id='word_1_293' title='bbox 1007 3199 1051 3249; x_wconf 82' lang='lat' dir='ltr'>illc</span> <span class='ocrx_word' id='word_1_294' title='bbox 1066 3198 1144 3247; x_wconf 86' lang='lat' dir='ltr'>dedit.</span> <span class='ocrx_word' id='word_1_295' title='bbox 1165 3199 1242 3253; x_wconf 60' lang='lat' dir='ltr'>‚Nam</span> 
     </span>
     <span class='ocr_line' id='line_1_59' title="bbox 745 3270 1243 3341; baseline -0.01 -16"><span class='ocrx_word' id='word_1_296' title='bbox 745 3292 840 3341; x_wconf 86' lang='lat' dir='ltr'>pomum</span> <span class='ocrx_word' id='word_1_297' title='bbox 862 3291 960 3341; x_wconf 75' lang='lat' dir='ltr'>anteum</span> <span class='ocrx_word' id='word_1_298' title='bbox 977 3273 1124 3339; x_wconf 85' lang='lat' dir='ltr'>inscriptum,</span> <span class='ocrx_word' id='word_1_299' title='bbox 1141 3270 1158 3332; x_wconf 84' lang='grc' dir='ltr'><em>ἡ</em></span> <span class='ocrx_word' id='word_1_300' title='bbox 1177 3273 1243 3332; x_wconf 69' lang='grc' dir='ltr'>καλὴ</span> 
     </span>
     <span class='ocr_line' id='line_1_60' title="bbox 744 3344 1242 3412; baseline -0.014 -13"><span class='ocrx_word' id='word_1_301' title='bbox 744 3349 849 3412; x_wconf 70' lang='grc' dir='ltr'>λαβέτω,</span> <span class='ocrx_word' id='word_1_302' title='bbox 876 3349 938 3397; x_wconf 90' lang='lat' dir='ltr'>inter</span> <span class='ocrx_word' id='word_1_303' title='bbox 965 3346 1118 3397; x_wconf 81' lang='lat' dir='ltr'>convivantes</span> <span class='ocrx_word' id='word_1_304' title='bbox 1144 3344 1242 3410; x_wconf 82' lang='lat' dir='ltr'>abjecit.</span> 
     </span>
     <span class='ocr_line' id='line_1_61' title="bbox 744 3419 1241 3483; baseline -0.016 -10"><span class='ocrx_word' id='word_1_305' title='bbox 744 3423 815 3481; x_wconf 87' lang='lat' dir='ltr'>Quod</span> <span class='ocrx_word' id='word_1_306' title='bbox 831 3424 903 3480; x_wconf 88' lang='lat' dir='ltr'>Juno,</span> <span class='ocrx_word' id='word_1_307' title='bbox 914 3423 1003 3479; x_wconf 76' lang='lat' dir='ltr'>Pallas,</span> <span class='ocrx_word' id='word_1_308' title='bbox 1019 3429 1044 3469; x_wconf 85' lang='lat' dir='ltr'>et</span> <span class='ocrx_word' id='word_1_309' title='bbox 1054 3421 1138 3469; x_wconf 88' lang='lat' dir='ltr'>Venus</span> <span class='ocrx_word' id='word_1_310' title='bbox 1148 3419 1241 3483; x_wconf 81' lang='lat' dir='ltr'>conspi-</span> 
     </span>
     <span class='ocr_line' id='line_1_62' title="bbox 744 3494 1243 3563; baseline -0.014 -19"><span class='ocrx_word' id='word_1_311' title='bbox 744 3504 812 3554; x_wconf 76' lang='lat' dir='ltr'>catus,</span> <span class='ocrx_word' id='word_1_312' title='bbox 820 3495 984 3563; x_wconf 79' lang='lat' dir='ltr'>quislibetsibi</span> <span class='ocrx_word' id='word_1_313' title='bbox 992 3494 1165 3543; x_wconf 81' lang='lat' dir='ltr'>vendicabant:</span> <span class='ocrx_word' id='word_1_314' title='bbox 1178 3507 1243 3555; x_wconf 76' lang='lat' dir='ltr'>qnae-</span> 
     </span>
     <span class='ocr_line' id='line_1_63' title="bbox 743 3564 1243 3628; baseline -0.008 -11"><span class='ocrx_word' id='word_1_315' title='bbox 743 3570 803 3620; x_wconf 89' lang='lat' dir='ltr'>libet</span> <span class='ocrx_word' id='word_1_316' title='bbox 812 3572 876 3621; x_wconf 88' lang='lat' dir='ltr'>enim</span> <span class='ocrx_word' id='word_1_317' title='bbox 894 3572 986 3626; x_wconf 81' lang='lat' dir='ltr'>herum,</span> <span class='ocrx_word' id='word_1_318' title='bbox 997 3569 1072 3617; x_wconf 80' lang='lat' dir='ltr'>formo</span> <span class='ocrx_word' id='word_1_319' title='bbox 1088 3564 1174 3614; x_wconf 86' lang='lat' dir='ltr'>ceteris</span> <span class='ocrx_word' id='word_1_320' title='bbox 1183 3581 1243 3628; x_wconf 78' lang='lat' dir='ltr'>prae·</span> 
     </span>
     <span class='ocr_line' id='line_1_64' title="bbox 743 3644 1242 3703; baseline -0.008 -10"><span class='ocrx_word' id='word_1_321' title='bbox 743 3654 806 3695; x_wconf 84' lang='lat' dir='ltr'>stsre</span> <span class='ocrx_word' id='word_1_322' title='bbox 816 3663 867 3695; x_wconf 86' lang='lat' dir='ltr'>sese</span> <span class='ocrx_word' id='word_1_323' title='bbox 884 3647 1005 3694; x_wconf 84' lang='lat' dir='ltr'>censebat.</span> <span class='ocrx_word' id='word_1_324' title='bbox 1039 3644 1126 3703; x_wconf 89' lang='lat' dir='ltr'>Itaque</span> <span class='ocrx_word' id='word_1_325' title='bbox 1143 3653 1197 3685; x_wconf 85' lang='lat' dir='ltr'>curn</span> <span class='ocrx_word' id='word_1_326' title='bbox 1212 3655 1242 3689; x_wconf 81' lang='lat' dir='ltr'>ex</span> 
     </span>
    </p>
   </div>
   <div class='ocr_carea' id='block_1_14' title="bbox 744 3709 1242 3856">
    <p class='ocr_par' dir='ltr' id='par_1_24' title="bbox 744 3709 1242 3856">
     <span class='ocr_line' id='line_1_65' title="bbox 744 3709 1242 3777; baseline -0.028 -9"><span class='ocrx_word' id='word_1_327' title='bbox 744 3735 773 3767; x_wconf 87' lang='lat' dir='ltr'>eo</span> <span class='ocrx_word' id='word_1_328' title='bbox 784 3730 904 3768; x_wconf 81' lang='lat' dir='ltr'>certarnen</span> <span class='ocrx_word' id='word_1_329' title='bbox 916 3728 992 3766; x_wconf 89' lang='lat' dir='ltr'>ortum</span> <span class='ocrx_word' id='word_1_330' title='bbox 1003 3722 1074 3768; x_wconf 88' lang='lat' dir='ltr'>esset,</span> <span class='ocrx_word' id='word_1_331' title='bbox 1084 3709 1188 3775; x_wconf 89' lang='lat' dir='ltr'>Jupiter,</span> <span class='ocrx_word' id='word_1_332' title='bbox 1200 3710 1242 3777; x_wconf 74' lang='lat' dir='ltr'>qui</span> 
     </span>
     <span class='ocr_line' id='line_1_66' title="bbox 744 3787 1242 3856; baseline -0.028 -15"><span class='ocrx_word' id='word_1_333' title='bbox 744 3792 804 3841; x_wconf 78' lang='lat' dir='ltr'>elias</span> <span class='ocrx_word' id='word_1_334' title='bbox 812 3801 934 3856; x_wconf 82' lang='lat' dir='ltr'>tamquam</span> <span class='ocrx_word' id='word_1_335' title='bbox 942 3805 1047 3838; x_wconf 85' lang='lat' dir='ltr'>summus</span> <span class='ocrx_word' id='word_1_336' title='bbox 1055 3787 1242 3840; x_wconf 65' lang='lat' dir='ltr'>Deorumm.</span> 
     </span>
    </p>
   </div>
   <div class='ocr_carea' id='block_1_15' title="bbox 744 3855 1238 4207">
    <p class='ocr_par' dir='ltr' id='par_1_25' title="bbox 744 3855 1238 4207">
     <span class='ocr_line' id='line_1_67' title="bbox 744 3855 1238 3929; baseline -0.026 -13"><span class='ocrx_word' id='word_1_337' title='bbox 744 3882 830 3929; x_wconf 88' lang='lat' dir='ltr'>ponere</span> <span class='ocrx_word' id='word_1_338' title='bbox 850 3865 910 3914; x_wconf 91' lang='lat' dir='ltr'>illud</span> <span class='ocrx_word' id='word_1_339' title='bbox 925 3863 1037 3913; x_wconf 80' lang='lat' dir='ltr'>debebat,</span> <span class='ocrx_word' id='word_1_340' title='bbox 1055 3855 1169 3905; x_wconf 85' lang='lat' dir='ltr'>invidisrn</span> <span class='ocrx_word' id='word_1_341' title='bbox 1185 3874 1238 3909; x_wconf 68' lang='grc' dir='ltr'>ιι.</span> 
     </span>
     <span class='ocr_line' id='line_1_68' title="bbox 744 3930 1235 3997; baseline -0.02 -11"><span class='ocrx_word' id='word_1_342' title='bbox 744 3940 825 3988; x_wconf 85' lang='lat' dir='ltr'>tentire</span> <span class='ocrx_word' id='word_1_343' title='bbox 836 3956 851 3988; x_wconf 87' lang='lat' dir='ltr'>n</span> <span class='ocrx_word' id='word_1_344' title='bbox 862 3956 887 3987; x_wconf 90' lang='lat' dir='ltr'>se</span> <span class='ocrx_word' id='word_1_345' title='bbox 897 3948 1015 3985; x_wconf 85' lang='lat' dir='ltr'>removere</span> <span class='ocrx_word' id='word_1_346' title='bbox 1026 3932 1117 3987; x_wconf 85' lang='lat' dir='ltr'>volens,</span> <span class='ocrx_word' id='word_1_347' title='bbox 1124 3930 1235 3997; x_wconf 69' lang='lat' dir='ltr'>juel-</span> 
     </span>
     <span class='ocr_line' id='line_1_69' title="bbox 744 4004 1232 4072; baseline -0.02 -10"><span class='ocrx_word' id='word_1_348' title='bbox 744 4013 880 4061; x_wconf 80' lang='lat' dir='ltr'>certsnrinis</span> <span class='ocrx_word' id='word_1_349' title='bbox 895 4010 965 4072; x_wconf 84' lang='lat' dir='ltr'>hujus</span> <span class='ocrx_word' id='word_1_350' title='bbox 975 4005 1006 4053; x_wconf 80' lang='lat' dir='ltr'>sd</span> <span class='ocrx_word' id='word_1_351' title='bbox 1027 4004 1136 4055; x_wconf 77' lang='lat' dir='ltr'>Pnridsnt</span> <span class='ocrx_word' id='word_1_352' title='bbox 1146 4004 1232 4071; x_wconf 51' lang='grc' dir='ltr'>ἡ·</span> 
     </span>
     <span class='ocr_line' id='line_1_70' title="bbox 744 4073 1228 4148; baseline -0.012 -16"><span class='ocrx_word' id='word_1_353' title='bbox 744 4073 788 4133; x_wconf 85' lang='lat' dir='ltr'>vit.</span> <span class='ocrx_word' id='word_1_354' title='bbox 822 4086 902 4148; x_wconf 77' lang='lat' dir='ltr'>r&#39;ltque</span> <span class='ocrx_word' id='word_1_355' title='bbox 924 4081 958 4127; x_wconf 84' lang='lat' dir='ltr'>ita</span> <span class='ocrx_word' id='word_1_356' title='bbox 977 4088 1059 4128; x_wconf 83' lang='lat' dir='ltr'>secute</span> <span class='ocrx_word' id='word_1_357' title='bbox 1078 4086 1228 4145; x_wconf 56' lang='lat' dir='ltr'>osup</span> 
     </span>
     <span class='ocr_line' id='line_1_71' title="bbox 744 4152 1119 4207; baseline -0.019 -2"><span class='ocrx_word' id='word_1_358' title='bbox 744 4157 789 4207; x_wconf 87' lang='lat' dir='ltr'>hoc</span> <span class='ocrx_word' id='word_1_359' title='bbox 800 4161 852 4207; x_wconf 83' lang='lat' dir='ltr'>loro</span> <span class='ocrx_word' id='word_1_360' title='bbox 863 4162 994 4206; x_wconf 80' lang='lat' dir='ltr'>narrantur.</span> <span class='ocrx_word' id='word_1_361' title='bbox 1025 4152 1119 4205; x_wconf 80' lang='grc' dir='ltr'><strong>Μιοπ.</strong></span> 
     </span>
    </p>
   </div>
   <div class='ocr_carea' id='block_1_16' title="bbox 0 0 1452 4980">
    <p class='ocr_par' dir='ltr' id='par_1_26' title="bbox 0 0 1452 4980">
     <span class='ocr_line' id='line_1_72' title="bbox 0 0 1452 4980; baseline 0 3"><span class='ocrx_word' id='word_1_362' title='bbox 0 0 1452 4980; x_wconf 95' lang='lat' dir='ltr'> </span> 
     </span>
    </p>
   </div>
  </div>
 </body>
</html>
