2904 4994
460 306 683 390 uuonan.
731 326 968 390 n1u.11.1o.
1176 326 1240 392 aor

193 497 350 572 Viderat
367 499 438 572 hoc
456 500 494 571 in
512 523 573 572 me
590 500 721 572 vitium
739 510 889 573 versuta
907 499 1093 587 Corinna3

242 611 408 711 Quaque
426 614 510 711 capi
528 638 692 711 possein,
712 615 850 687 callida
866 624 974 688 norat
990 639 1114 713 opem.
1196 622 1240 688 10

193 727 255 800 Ah
270 728 418 824 quoties
437 730 517 801 sani
536 730 671 828 capitis
689 732 848 804 mentita
864 731 1025 817 dolores,

245 842 500 917 Cunctantem
517 845 624 918 tardo
637 846 753 942 jussit
770 846 872 919 abire
890 847 1007 944 pede!

194 958 256 1031 Ah
274 959 422 1055 quoties
440 960 550 1033 finxit
566 963 730 1058 culpam,
750 972 1011 1059 quantumque
1028 962 1184 1046 libebat,

246 1072 411 1147 Insontis
429 1077 595 1173 speciem
613 1077 773 1175 praebuit
791 1101 887 1164 esse,
908 1078 1068 1152 nocens!

197 1188 261 1262 Sic
279 1190 344 1262 ubi
362 1203 529 1279 vexarat,
548 1194 774 1291 tepidosque
792 1194 975 1269 refoverat
991 1195 1120 1291 ignes3
1199 1195 1243 1266 15

247 1304 395 1379 Rursus
413 1319 493 1381 erat
509 1309 605 1382 votis
623 1310 741 1382 comis
759 1320 798 1384 et
815 1321 904 1408 apta
921 1312 1028 1384 meis.

197 1418 302 1504 Quas
320 1423 411 1495 inihi
429 1424 642 1512 blanditias,
664 1449 778 1523 quam
795 1426 922 1500 dulcia
934 1427 1051 1500 verba
1066 1424 1241 1524 parabat!

248 1537 391 1612 Oscula
408 1541 477 1637 (Di
495 1543 638 1640 magni)
656 1545 794 1641 qualia,
814 1554 985 1640 quotque
1002 1541 1138 1615 dabat!

196 1652 254 1726 Tu
273 1679 438 1753 quoque,
458 1682 544 1755 quae
562 1671 710 1733 nostros
728 1658 884 1757 rapuisti
903 1681 1023 1756 nuper
1039 1656 1192 1741 ocellos,

249 1770 361 1868 Saepe
379 1773 470 1846 time
487 1775 654 1861 insidias,
675 1797 777 1872 saepe
796 1783 926 1869 rogata
942 1796 1060 1868 nega:
1194 1774 1244 1841 20

199 1882 250 1958 Et
267 1885 348 1959 sine
365 1911 438 1975 me,
458 1899 545 1963 ante
562 1901 648 1963 tuos
666 1891 875 1987 projectum
893 1890 931 1960 in
948 1888 1076 1961 limine
1093 1895 1234 1985 postea,

249 1999 380 2098 Longa
396 2005 573 2101 pruinosa
590 2005 726 2101 frigora
743 2016 853 2079 nocte
871 2005 962 2102 pati.

201 2114 265 2189 Sic
282 2117 374 2190 mihi
391 2121 502 2194 durat
519 2146 634 2208 amor,
647 2123 855 2219 longosque
873 2120 1055 2196 adolescit
1072 2121 1110 2192 in
1128 2142 1241 2192 usus:

250 2229 335 2306 Hoc
348 2236 476 2331 juvat:
505 2236 585 2310 haec
604 2236 716 2310 animi
735 2249 823 2311 sunt
841 2239 1018 2312 alimenta
1034 2235 1120 2308 mei.

201 2345 358 2444 Pinguis
376 2375 491 2438 amor,
511 2352 742 2450 nimiumque
761 2364 907 2450 patens,
927 2356 964 2425 in
978 2352 1091 2424 taedia
1107 2348 1216 2421 nobis

250 2461 436 2555 Vertitur3
458 2478 496 2540 et
513 2469 720 2554 stomacho,
737 2468 859 2541 dulcis
877 2479 918 2541 ut
936 2491 1036 2552 esca,
1053 2472 1176 2538 nocet.
1197 2465 1245 2534 26

201 2667 240 2716 De
251 2669 320 2716 rerb'o
330 2683 413 2720 curare
432 2671 487 2721 vide
499 2673 604 2720 Broukh.
617 2672 648 2720 ad
658 2673 679 2719 T
680 2675 697 2720 i·
749 2682 855 2730 teaneus,
865 2682 890 2721 et
906 2673 986 2738 plures
1001 2686 1030 2717 cx
1048 2665 1248 2733 prudentioribus

201 2738 253 2789 bul.
265 2742 281 2790 i.
292 2740 308 2789 i.
319 2744 359 2792 57.
750 2745 800 2793 alii.
818 2754 892 2793 recte.
909 2745 966 2792 time
977 2759 1015 2791 ure
1026 2742 1069 2790 tibi
1079 2739 1193 2796 insidiari,
1204 2753 1248 2786 nec

236 2817 276 2863 14.
301 2816 399 2867 insontis
416 2823 508 2882 speeiem
527 2822 623 2882 prebuit
645 2838 697 2874 ene.
750 2818 810 2867 serio
826 2834 915 2867 amare.
932 2827 1012 2883 posset
1030 2824 1055 2864 ct
1070 2830 1124 2863 cave
1139 2813 1249 2878 profect

201 2890 302 2953 noctua]
345 2892 415 2940 Ilanc
442 2893 568 2940 lectionem
595 2893 698 2956 pratuli.
750 2892 807 2957 legi.
842 2893 973 2940 Heinsius.
1007 2890 1059 2952 Ego
1075 2885 1249 2951 vcrocxplica·

201 2962 266 3010 Nam
282 2980 326 3012 esu
343 2965 415 3012 etiarn
432 2965 534 3030 optimus
552 2965 656 3013 Palatio.
676 2977 700 3014 et
751 2984 799 3015 reru
809 2967 868 3014 illud
881 2971 941 3023 timu,
952 2965 1043 3013 scilicet
1054 2963 1140 3018 mariti,
1149 2961 1185 3009 vel
1194 2977 1248 3008 cus-

201 3037 374 3102 Neapolitanus
395 3048 420 3087 ct
439 3039 624 3095 Arundelianus,
646 3055 700 3088 curn
751 3040 812 3087 todis
823 3041 857 3086 tui
867 3040 973 3095 iusidias,
983 3054 1012 3085 nc
1024 3046 1047 3086 te
1056 3034 1245 3101 deprehendant:

200 3110 316 3174 scaligeri
326 3114 452 3175 excerptis.
480 3113 585 3170 Quidam
597 3114 698 3170 codices,
751 3114 812 3176 finge
824 3123 847 3159 te
860 3114 883 3160 id
895 3123 1009 3161 metuere.
1045 3113 1134 3159 Burin.

201 3187 254 3232 tua.
289 3186 358 3231 Latet
366 3185 465 3249 aliquid.
500 3188 580 3234 Forte:
784 3190 823 3234 25.
843 3184 1094 3249 Nimiumqueprtcns]
1106 3180 1249 3231 biterrsPu·

218 3257 415 3317 Insonu'sspecicm
420 3262 522 3320 protulit
530 3276 567 3306 ors
575 3262 701 3310 accensit.
752 3270 858 3309 teancus.
877 3270 900 3307 ot
911 3259 1061 3307 emendatum
1079 3273 1151 3305 manu
1166 3271 1250 3304 secuu-

202 3332 293 3380 -Jure
304 3330 339 3378 vir
354 3331 386 3378 cl.
405 3335 475 3380 tatere
490 3336 580 3396 atiqrrid
596 3335 701 3400 suspica·
751 3333 790 3389 da,
800 3345 887 3395 patens.
904 3332 1020 3398 quomodo
1031 3341 1054 3380 et
1067 3331 1170 3396 optimus
1180 3328 1250 3377 Pala·

202 3414 254 3466 tur3
270 3413 306 3454 cst
314 3414 376 3454 certe
388 3406 450 3470 quod
459 3407 620 3462 desideres,ut
631 3409 701 3472 plane
752 3408 814 3457 tinus
824 3418 849 3457 at
863 3409 967 3472 quinque
984 3407 1033 3455 alii.
1050 3415 1077 3454 ut
1092 3416 1172 3468 patens
1187 3421 1251 3452 umor

202 3478 266 3543 quod
278 3479 378 3527 voluerit
389 3489 467 3545 poeta,
478 3491 502 3529 et
516 3481 622 3546 protinus
632 3482 701 3530 intel·
751 3482 781 3530 sit
791 3482 920 3547 expositus,
933 3481 1045 3546 adquam
1063 3479 1141 3529 aditus
1157 3495 1204 3528 non
1215 3478 1250 3526 in·

203 3555 271 3618 ligas.
304 3555 390 3603 Malim
418 3555 490 3620 igitur
513 3573 566 3605 curn
593 3558 702 3606 omnibus
751 3555 897 3605 tercluditur.
935 3556 1066 3604 Heinsius.
1104 3554 1142 3601 lta
1168 3562 1192 3601 et
1219 3551 1249 3598 de
1299 3555 1302 3565 ‘

203 3629 285 3695 priscis
296 3629 352 3678 edd.
364 3631 458 3694 legere:
752 3646 830 3678 amore
843 3631 948 3695 Propert.
958 3630 975 3677 i.
987 3631 1023 3676 ix.
1035 3631 1077 3678 29.

236 3702 336 3751 Insontis
355 3707 447 3767 speciem
466 3709 569 3767 prebuit,
591 3711 638 3768 ipsu
662 3727 700 3756 uo·
788 3706 1111 3766 Quinonautepntet,doncc
1125 3709 1250 3746 runnuant·

269 3795 336 3835 cens,·
818 3782 871 3843 rign
881 3796 937 3825 ossa.

205 3853 275 3901 itaut
291 3853 429 3901 sitsensus:
449 3855 491 3902 ab!
510 3856 602 3918 ‹luoties
620 3867 702 3902 norton
785 3856 826 3900 26.
846 3854 926 3900 Dulcis
936 3863 961 3898 nr
979 3851 1050 3911 esca]
1071 3849 1150 3895 Horat.
1161 3847 1186 3893 ii.
1199 3846 1249 3892 Sat·

205 3927 336 3990 mefiurit3
354 3938 386 3983 ct,
397 3929 453 3976 licet
470 3934 516 3992 ipsu
528 3946 616 3984 trecens,
627 3933 702 3977 insnu-
753 3929 779 3974 ii.
792 3928 833 3976 75.

205 4003 234 4049 tt'a
249 4004 342 4064 speciem
355 4005 466 4064 prebuit!
483 4003 553 4059 Quod
570 4004 657 4067 pariter
673 4020 702 4050 ax
787 4001 873 4048 Dulcia
888 4018 909 4047 aa
927 4002 952 4045 iu
970 4000 1034 4046 bilem
1055 4005 1154 4051 uertunt,
1171 4005 1250 4041 stomu-

206 4074 302 4138 ingeuio
311 4076 397 4140 puelloe
407 4085 431 4124 ct
440 4075 571 4124 scribentis.
603 4076 694 4123 Annii.
818 4075 900 4134 cbopuc
911 4074 1035 4119 tramuttum

238 4150 277 4198 20.
295 4149 421 4214 Sapejbce
439 4149 556 4210 braidun]
579 4149 640 4196 Time
657 4149 704 4196 Pu·
788 4147 930 4210 lantuserct
940 4149 1034 4208 pituita.
1047 4169 1144 4181 ---—-

826 4227 900 4275 cce
