2896 4980
194 328 261 395 214
491 326 530 390 Ρ.
554 325 715 391 ovrull
738 324 950 393 NASONIS

203 500 368 577 Poeuitet
383 501 547 599 hospitii,
565 524 664 586 cum,
684 525 744 575 me
762 512 970 600 spectante,
988 500 1149 599 lacertos

254 617 437 717 Imposuit
454 618 551 692 collo
570 618 729 691 rusticus
747 618 818 692 iste
836 630 914 691 tuo.
1166 623 1230 691 220

205 732 384 833 Rumpor,
404 744 442 807 et
458 733 605 807 invideo
623 733 733 829 (quid
753 734 852 806 enim
871 744 998 807 tamen
1015 733 1143 809 omnia
1157 758 1229 809 nar·

253 849 427 924 Membra
444 852 656 949 superjecta
670 873 756 922 cum
770 862 837 924 tua
851 859 955 924 veste
968 849 1081 926 fovet.
1109 850 1229 949 [rem:)

205 966 346 1041 Oscula
363 990 448 1039 cum
466 989 552 1041 vero
570 989 696 1039 coram
715 990 789 1039 non
806 966 901 1039 dura
917 966 1084 1056 dareti=;
1228 966 1231 971 ’

252 1084 352 1159 Ante
369 1085 497 1158 oculos
514 1084 621 1182 posui
640 1085 776 1181 pocula
792 1095 917 1156 sumta
933 1106 1051 1157 meos.

204 1200 363 1275 Lumina
379 1202 548 1287 demitto,
566 1225 653 1274 cum
671 1213 709 1275 te
726 1210 830 1274 tenet
847 1200 962 1273 artius
981 1200 1065 1275 ille:
1166 1200 1229 1281 225

254 1319 402 1393 Crescit
419 1330 457 1392 et
474 1319 588 1392 invito
606 1319 729 1391 lentus
747 1317 785 1389 in
802 1339 866 1390 ore
884 1316 1005 1389 cibus.

206 1434 316 1533 Saepe
333 1435 420 1509 dedi
436 1435 618 1531 gemitus:
647 1444 685 1506 et
702 1443 752 1517 te,
772 1432 921 1517 lasciva,
941 1430 1066 1505 notavi

254 1549 299 1622 In
317 1552 458 1647 gemitu
476 1551 592 1625 risum
609 1574 683 1624 uon
700 1550 866 1623 tenuisse
884 1573 981 1623 meo.

206 1666 318 1765 Saepe
336 1692 438 1741 mero
456 1669 553 1741 volui
572 1668 761 1742 flammam
779 1691 1043 1765 compescere:
1064 1676 1104 1741 at
1119 1666 1186 1739 illa·

257 1781 402 1871 Crevit3
432 1796 471 1856 et
487 1785 648 1858 ebrietas
665 1784 762 1879 ignis
780 1784 818 1856 in
836 1784 922 1880 igue
939 1783 1021 1857 fuit.
1168 1782 1230 1854 230

207 1896 406 1996 Multaque
424 1924 471 1972 ne
488 1901 647 1986 videam,
666 1925 774 1976 versa
790 1901 936 1974 cervice
954 1900 1152 2005 recumbo;

258 2015 336 2088 Sed
353 2040 504 2090 revocas
523 2018 650 2090 oculos
667 2018 838 2115 protinus
855 2017 939 2114 ipsa
954 2040 1073 2091 meos.

208 2128 331 2214 Quam
348 2131 482 2206 faciam
500 2134 643 2206 dubit0.
671 2135 776 2208 dolor
793 2145 851 2207 est
868 2158 973 2206 meus
992 2134 1056 2207 illa
1070 2132 1208 2216 videre3

259 2247 335 2321 Sed
354 2249 459 2322 dolor
477 2273 500 2320 a
516 2248 610 2322 facie
627 2251 746 2346 major
763 2251 896 2322 abesse
919 2249 996 2323 tud.

206 2361 293 2446 Qua
310 2364 398 2438 licet
415 2376 454 2439 et
471 2389 636 2462 possum,
655 2366 776 2438 luctor
794 2364 916 2438 celare
933 2363 1095 2438 furorem
1110 2390 1119 2438 ι
1167 2362 1229 2435 235

257 2480 334 2554 Sed
352 2494 479 2555 tamen
496 2482 652 2580 adparet
668 2482 923 2557 dissimulatus
943 2506 1057 2558 amor.

207 2596 289 2672 Nec
307 2598 376 2671 tibi
393 2600 508 2672 verba
524 2599 674 2672 damus:
704 2599 820 2671 sentis
836 2623 921 2671 mea
933 2600 1097 2687 vulnera,
1115 2594 1230 2673 sentis.

255 2714 383 2811 Atque
402 2715 543 2788 utinam
560 2716 630 2789 soli
648 2716 722 2788 siut
739 2739 785 2789 ea
802 2727 891 2790 uota
907 2716 999 2790 tibi!

238 2908 297 2955 220.
315 2906 412 2970 imponit
433 2909 513 2972 cuttu]
540 2910 574 2959 τὸ
588 2911 630 2958 iste
647 2925 703 2958 con·
752 2909 862 2957 Imitatus
883 2909 928 2958 hoc
943 2908 1061 2975 Josephm
1077 2900 1234 2958 mutet

207 2988 307 3030 temtum
318 2997 366 3045 prm
378 2996 402 3028 sc
414 2981 467 3030 sert.
479 2982 513 3031 sic
523 2982 587 3048 Ajax
598 2982 642 3032 lib.
654 2983 703 3031 xiii.
752 2984 816 3049 Troj.
829 2983 872 3032 tib.
884 2982 909 3032 ii.
922 2985 977 3032 153.

206 3054 268 3102 Met.
285 3055 377 3119 quoties
387 3053 490 3119 loquitur
500 3055 530 3104 de
548 3056 643 3120 Ulysse,
655 3057 704 3105 fere
787 3058 819 3107 Et
831 3060 937 3106 lacrimas
953 3060 1006 3107 bibit
1017 3060 1063 3120 ipse
1072 3072 1132 3113 m,
1143 3055 1235 3123 ψὴν

207 3144 299 3194 semper
314 3129 437 3193 subjungit
451 3132 485 3180 Τὸ
499 3130 554 3179 Iste.
571 3131 611 3180 ubi
623 3131 703 3197 plura.
819 3142 930 3180 mor-untes

205 3202 296 3251 Herus.
788 3206 958 3270 Grercmterquc
973 3207 1032 3254 cibos
1040 3198 1234 3271 gustujp'msa·

240 3278 297 3324 222.
323 3276 454 3338 Supetjecto
475 3278 556 3341 cesta]
583 3276 703 3326 Theocrit.
818 3284 886 3346 tigot.
1129 3277 1208 3325 Bou·

207 3349 283 3398 simile
304 3350 362 3414 quid
387 3349 412 3397 iu
436 3350 541 3416 Epithal.
563 3352 705 3400 Helene.-
786 3355 843 3402 230.
862 3352 1046 3419 tgnutntgne]
1066 3342 1233 3418 utptaetmt

206 3423 258 3474 tart
269 3426 317 3474 τάν
327 3424 390 3489 μίαν
400 3422 478 3489 φ’λετο
486 3427 607 3489 χλαῖναν.
617 3424 656 3473 ld.
667 3427 705 3475 13.
755 3425 827 3474 Cror.

209 3516 233 3548 r.
248 3501 287 3548 19.
300 3498 354 3546 vide
365 3497 447 3546 Amor.
459 3499 476 3546 i.
489 3498 559 3563 Eleg.
574 3503 598 3547 5.
609 3516 634 3547 v.
646 3501 688 3547 43.
787 3501 845 3547 231.
860 3500 951 3563 Veram]
960 3496 1232 3562 LiberIaeidcmflffl?

240 3574 299 3621 226.
319 3571 404 3619 Crescit
419 3580 441 3617 et
456 3573 527 3619 incito
545 3573 707 3621 lentusinore
755 3582 782 3621 ut
793 3573 873 3622 statim
883 3589 944 3622 vem.
963 3575 1022 3622 239.
1047 3574 1109 3622 sut.
1126 3564 1232 3621 Aetitii·

208 3647 291 3710 cim]
310 3644 443 3699 juvenatis,
453 3645 504 3693 Sat.
520 3644 572 3693 xiii.
583 3646 642 3693 212.
758 3649 813 3697 135.
838 3648 930 3696 cervice
938 3649 1032 3711 rejicio.
1043 3656 1068 3696 et
1078 3646 1163 3697 Claud.
1171 3643 1208 3692 lib.
1216 3637 1231 3685 i·

272 3718 478 3784 —Irrterpue
487 3723 581 3769 molares
755 3723 785 3771 de
803 3730 864 3788 rapt.
881 3739 941 3771 vers.
964 3723 1019 3772 155.
1042 3738 1072 3771 ex
1087 3722 1156 3771 MSS.
1174 3714 1232 3767 Sili!

242 3797 341 3863 Difficili
352 3806 462 3844 crescente
470 3798 526 3843 cibo.
583 3795 673 3844 Herus.
755 3796 798 3844 lib.
809 3796 843 3844 iv.
855 3798 913 3844 343.
929 3797 1013 3859 poplite
1016 3797 1087 3861 fimo.
1119 3795 1232 3844 Hermu·

208 3873 292 3922 Seuec.
313 3873 358 3938 Ep.
374 3870 460 3918 lxxxii.
475 3888 519 3918 non
539 3874 565 3918 in
579 3887 617 3918 ore
634 3874 703 3919 creuit
754 3869 804 3917 vid.
817 3888 841 3918 v.
853 3871 916 3918 Met.
928 3872 987 3918 232.

208 3951 335 4004 οἱ5ιιε,ποη
346 3942 567 4008 hesitinfcucibus.
584 3960 632 3993 uon
643 3945 704 3994 absi·
787 3938 1228 4007 235.Quaticuerp0m.]}1duo·

208 4021 264 4070 mile
272 4020 335 4070 istud
342 4019 475 4069 statianum
484 4019 560 4068 Theb.
573 4037 595 4067 v.
608 4020 666 4068 203.
754 4019 887 4075 madiensis,
903 4030 929 4067 ut
951 4037 1047 4082 pomam,
1063 4036 1109 4069 uon
1129 4014 1192 4071 male,
1209 4004 1230 4056 fl

273 4094 654 4157 -Altoqueinmolempetom
755 4100 916 4157 estquautum
929 4108 1035 4159 possum.
1067 4093 1155 4143 turn..

243 4166 364 4233 Effusum
372 4185 447 4218 mmuo
459 4172 582 4218 crescentio
594 4171 656 4217 vinu.
