2896 4980
200 303 267 371 alo
428 354 436 366 .
495 306 535 370 Ρ.
560 304 722 372 OVIDll
746 304 960 375 NASONIS

203 476 259 550 At
270 479 460 575 quondam
478 490 628 554 noctem
646 480 921 578 simulacraque
934 504 1031 555 vana
1046 481 1236 557 timebam:

255 592 434 681 Mirabar,
453 596 618 670 tenebris
636 597 668 669 si
686 599 772 694 quis
790 597 910 671 iturus
928 609 1021 672 erat.
1199 604 1239 673 10

204 707 316 796 Risit,
334 722 377 784 ut
393 711 574 798 audirem,
593 714 723 786 tenera
741 737 829 786 cum
847 712 972 787 Matre
990 713 1163 812 Cupido:

254 824 305 898 Et
320 827 461 913 leviter,
483 827 568 901 Fies
585 838 628 901 tu
646 853 799 926 quoque
816 830 933 917 fortis,
952 831 1018 905 ait.

203 939 241 1015 N
243 967 287 1018 ec
304 966 421 1029 mora,
432 945 535 1018 venit
547 968 662 1018 amor.
690 970 764 1019 noa
778 947 930 1020 umbras
944 956 1056 1021 nocte
1065 944 1238 1031 volantes,

253 1059 289 1132 N
291 1085 341 1134 on
357 1061 473 1134 timeo
490 1061 640 1136 strictas
657 1062 696 1134 in
714 1087 799 1138 mea
814 1063 894 1138 sata
910 1087 1058 1137 manus.

201 1172 256 1249 Te
273 1176 430 1249 nimium
447 1176 590 1250 lentum
608 1176 744 1265 time0;
771 1179 841 1252 tibi
859 1181 1032 1254 blandior
1048 1178 1134 1253 uni:
1199 1180 1239 1251 lt

250 1291 321 1382 Tu,
340 1318 402 1367 mc
419 1317 495 1391 quo
514 1294 636 1391 possis
654 1295 824 1392 perdere,
842 1296 985 1371 fulmen
1002 1296 1133 1370 habes.

200 1410 380 1511 Adspice,
399 1414 468 1508 (et,
487 1423 529 1484 ut
542 1412 683 1498 videas,
703 1412 861 1486 immitia
877 1412 1043 1487 claustra
1058 1406 1214 1503 relaxa)

253 1528 339 1604 Uda
357 1529 407 1602 sit
423 1541 465 1602 ut
482 1528 645 1602 lacrimis
658 1530 775 1626 janua
791 1529 892 1603 facta
908 1530 1016 1603 meis.

202 1643 316 1722 Certe
335 1671 418 1743 eg0,
437 1672 524 1721 cum
542 1647 665 1745 positi
682 1658 801 1720 stares
820 1648 868 1719 ad
885 1648 1041 1721 verbera
1057 1652 1175 1728 veste,

250 1761 312 1836 Ad
331 1763 521 1836 dominam
538 1787 605 1860 pro
623 1773 662 1836 te
678 1763 794 1836 verba
810 1772 994 1836 tremente
1011 1761 1094 1835 tuli.
1194 1761 1237 1829 20

201 1875 315 1975 Ergo,
335 1862 554 1977 quae‘valuit
570 1904 637 1978 pro
655 1890 693 1953 te
712 1903 865 1976 quoque
882 1877 1003 1975 gratia
1016 1874 1216 1974 quondam,

250 1992 357 2090 (Heu
374 1996 518 2069 facinus
531 1996 558 2089 l)
585 2021 653 2093 pro
671 2020 731 2069 me
749 2019 848 2068 nunc
866 1995 966 2068 valet
983 1993 1048 2066 illa
1063 1988 1216 2090 parum?

201 2110 336 2185 Redde
346 2112 466 2185 vicem
477 2112 636 2199 meritis;
658 2124 764 2208 grato
775 2113 865 2187 licet
873 2136 971 2185 esse.
1000 2108 1115 2194 Quod
1125 2116 1237 2207 optas,

115 2322 120 2331 ι
248 2226 436 2326 Tempora
452 2228 574 2300 noctis
592 2237 703 2302 eunt:
732 2239 870 2303 excute
889 2238 999 2326 poste
1017 2248 1153 2304 seram.

201 2341 371 2419 Excute:
400 2343 455 2416 sic
473 2366 653 2439 umquam
672 2343 784 2438 longa
803 2344 966 2417 relevere
983 2341 1134 2427 catent,
1195 2340 1238 2411 15

251 2459 333 2534 Nec
352 2459 421 2533 tibi
438 2468 621 2557 perpetuo
640 2482 748 2532 serva
765 2459 916 2532 bibatur
933 2481 1045 2555 aqua.

232 2739 270 2786 ll.
299 2737 368 2792 Risit,
389 2746 417 2784 ut
437 2737 527 2784 audivit
546 2745 624 2783 tenera
645 2750 698 2782 cum
781 2733 860 2782 Redde
879 2733 949 2780 uicem
971 2733 1075 2790 meritis;
1102 2739 1172 2797 grato
1195 2730 1242 2778 liu

92 2826 98 2837 ⁶
197 2823 270 2862 vrum
282 2812 378 2874 Cupido,
388 2811 418 2859 Et
430 2813 517 2866 lavim,
521 2810 567 2873 fiet
577 2818 604 2856 tu
614 2825 699 2871 quoque
844 2823 895 2855 ute.
928 2806 995 2859 erod
1004 2814 1078 2866 optat,

189 2887 272 2951 fortis,
288 2886 343 2949 ait]
370 2886 450 2949 Longe
467 2883 550 2932 melior
566 2891 602 2931 est
618 2881 698 2938 lectio,
815 2882 923 2943 Tempora
933 2882 1004 2929 acetis
1013 2890 1080 2929 eunt.

196 2965 248 3009 risit
268 2971 296 3009 ut
313 2962 428 3014 audirem,
445 2967 472 3008 ut
491 2974 574 3007 sensus
592 2957 632 3013 sit,
649 2967 698 3006 tam
749 2955 848 3004 Labitur
863 2964 956 3020 tempus
974 2952 1051 3003 nocua
1065 2953 1145 3020 (quod
1162 2952 1241 3020 tuqui

197 3036 298 3085 effusum
318 3033 390 3082 luisse
411 3031 538 3099 Cupidinis
558 3040 583 3080 et
600 3030 699 3081 Veneris
748 3029 898 3095 impatienter
916 3038 966 3078 tarn
982 3029 1080 3092 longam
1096 3028 1192 3086 toleras,
1205 3044 1241 3094 φ

196 3111 268 3157 risum
278 3118 302 3156 et
312 3107 463 3164 cachinnum,
474 3115 502 3156 ut
512 3107 563 3172 ejus
573 3122 644 3154 sonus
654 3120 696 3154 au·
748 3112 793 3161 tas,
814 3113 841 3153 ut
858 3120 873 3152 a
888 3103 971 3168 vigilia
992 3100 1114 3164 libereris)
1132 3119 1178 3168 ego
1193 3117 1242 3152 vero

196 3182 403 3232 diretnraPoiita.
436 3182 553 3230 alamus.
747 3178 832 3227 lnmtra
851 3187 944 3243 tempus
964 3186 1024 3226 tero.
1059 3176 1127 3232 Quod
1147 3186 1198 3241 opta
1215 3190 1242 3225 ta

231 3257 269 3304 17.
292 3258 381 3317 Aspice,
398 3266 424 3301 ut
444 3255 566 3316 invidam]
594 3255 697 3314 Adspice,
747 3251 1019 3317 praetuleritlllarius,ut
1030 3251 1242 3308 Hermionam

196 3339 218 3377 ct
237 3340 264 3375 ut
280 3331 365 3381 videas,
377 3332 472 3376 immitia
489 3332 590 3377 claustra
607 3330 694 3383 relaxa,
746 3336 810 3376 certo
831 3335 922 3376 constat
942 3343 971 3376 ex
993 3327 1045 3391 ejus
1067 3326 1139 3376 notit.
1165 3327 1242 3375 alten

198 3418 227 3451 ex
235 3400 331 3466 optimis
341 3400 407 3449 libris
413 3410 449 3450 est
459 3401 626 3466 reponendum.
638 3417 696 3465 qno·
747 3402 809 3449 rnale
820 3400 942 3466 explicuit.
975 3401 1064 3448 Bcarr.
1179 3436 1184 3444 ,

197 3474 267 3524 modo
281 3474 332 3538 jam
350 3473 375 3520 in
390 3475 601 3523 Observationibus
619 3475 659 3522 lib.
670 3474 696 3522 ii.
778 3478 819 3525 25.
838 3475 967 3541 mrigera]
987 3473 1063 3539 Atqui
1076 3474 1128 3539 Jam
1136 3472 1242 3539 aelisam

196 3564 250 3614 cap.
258 3547 309 3596 xxi.
321 3546 456 3595 emendavit
466 3555 544 3595 noster
555 3546 696 3595 Gronovius.
746 3559 805 3599 erat.
820 3550 902 3616 primae
914 3549 1029 3598 editiones
1042 3558 1067 3598 et
1083 3547 1179 3599 codices
1188 3561 1240 3597 non·

195 3623 289 3672 Tbeod.
311 3620 437 3670 Marcilius
457 3620 488 3669 ad
509 3621 584 3668 Persii
605 3623 656 3669 Sat.
673 3638 695 3668 v.
747 3624 806 3673 nulli
816 3641 845 3672 ex
856 3623 998 3689 scriptitatio
1007 3641 1110 3687 uuquam
1120 3625 1182 3673 dura
1191 3622 1242 3671 uit·

197 3697 268 3754 male,
276 3698 420 3752 utiauideat,
429 3695 602 3762 interpretatur,
610 3699 695 3757 inspee-
746 3716 796 3748 uere
815 3711 905 3748 eatena.
938 3698 1075 3747 Puteaneus
1091 3714 1149 3747 cum
1162 3694 1241 3761 Reglt·

197 3781 237 3821 tet.
256 3772 347 3820 llarus.
746 3779 771 3821 et
788 3773 865 3822 Jureti
883 3773 1015 3837 Excerptis,
1035 3781 1059 3820 ct
1077 3770 1241 3825 Arondelitna

230 3846 332 3895 immitia
352 3846 477 3908 cunum]
503 3843 630 3908 Elegantia
653 3858 695 3892 aaa
744 3850 777 3895 ric
788 3864 888 3910 anquam
899 3845 1173 3911 loagdrcleoerccataad.
1184 3844 1240 3893 lu·

198 3936 244 3970 non
254 3928 319 3970 caret
329 3919 400 3985 Regii
412 3919 501 3969 codicia
510 3918 589 3973 lectio,
599 3936 642 3965 non
653 3920 695 3965 rni-
745 3939 776 3986 gn
787 3920 859 3968 etiam
870 3920 939 3968 estin
954 3919 1081 3985 Excerptit
1099 3915 1211 3985 &aligeri
1219 3922 1242 3965 et

198 4000 238 4044 tia.
255 3994 438 4060 ιι1εἰῑμείωσις.
472 3996 561 4043 Buau.
746 3993 856 4043 Puteani.
873 4005 897 4042 et
914 3992 949 4042 ita
966 3991 1039 4041 Dom.
1055 3991 1151 4042 Mariua
1167 3991 1241 4041 inco·

229 4072 271 4120 23.
290 4071 448 4119 Reddevtcem
463 4073 558 4126 muita,
567 4070 696 4134 gratulant
747 4067 809 4125 dice,
829 4084 900 4134 quern
921 4066 963 4115 ille
981 4065 1106 4115 horrenda
1124 4060 1242 4115 vetustatis

197 4148 308 4208 essequod
318 4144 401 4208 opta]
418 4145 547 4208 Distinguo
557 4142 601 4191 hoc
614 4140 695 4190 modo:
747 4151 825 4199 vocat,
837 4140 945 4207 repperit.
962 4140 1007 4189 hoc
1024 4140 1178 4206 eatqnediu
1193 4136 1239 4188 lm·
