2896 4980
180 305 249 373 474
480 304 520 370 Ρ.
544 303 708 370 ovlnu
731 303 943 371 NASONIS

182 476 381 552 Munditioe
400 478 592 577 placeant:
620 475 814 553 fuscentur
829 499 988 576 corpora
1005 477 1172 579 Campo:

234 593 295 668 Sit
310 595 410 668 bene
426 591 665 679 conveniens,
684 601 725 667 et
740 591 822 666 aine
839 592 925 667 labe
943 603 1044 690 toga,
1156 600 1159 605 ’

185 707 407 806 Linguaque
421 732 470 784 ne
486 707 627 805 rigeat:
655 716 809 782 careant
826 707 996 804 rubigine
1012 708 1170 784 dentes:

234 825 318 900 Nec
335 849 453 922 vagua
471 825 509 899 in
526 823 612 898 laxa
629 847 698 922 pes
716 821 785 896 tibi
802 823 902 921 pelle
919 834 1036 899 natet.
1155 827 1231 900 516

184 941 267 1016 Nec
285 943 383 1016 male
400 939 586 1016 deformet
601 931 742 1036 rigidos
758 949 912 1014 tonsura
927 940 1102 1039 capillos:

232 1056 293 1135 Sit
308 1080 430 1143 coma,
449 1056 499 1131 ait
514 1056 629 1130 docta
646 1055 766 1129 barba
778 1065 926 1128 resecta
942 1079 1068 1130 manu.

183 1172 234 1249 Et
251 1173 343 1248 nihil
360 1172 562 1258 emineant,
581 1180 621 1244 et
637 1169 714 1244 sint
732 1169 814 1243 sine
831 1169 1004 1244 sordibus
1021 1193 1191 1268 unguen:

234 1289 358 1387 Inque
374 1289 468 1362 cava
487 1287 612 1360 nullus
629 1296 706 1360 stet
722 1285 791 1359 tibi
809 1309 898 1360 nare
914 1287 1026 1385 pilus.
1155 1289 1231 1360 520

183 1405 266 1481 Nec
284 1407 381 1480 male
399 1404 543 1479 odorati
562 1403 612 1477 sit
628 1401 745 1476 tristis
762 1402 950 1476 anhelitus
967 1401 1062 1477 oris:

233 1520 270 1595 N
273 1545 316 1596 ec
335 1521 474 1595 laedant
491 1543 600 1594 nares
616 1518 748 1616 virque
765 1529 949 1617 paterque
966 1518 1104 1616 gregia.

109 1639 112 1645 ’
182 1637 322 1712 Cetera
334 1636 484 1711 laacivae
500 1634 652 1723 faciant,
670 1634 850 1722 concede,
869 1635 1026 1733 puella:

234 1751 285 1826 Et
301 1753 333 1825 si
350 1751 437 1849 quis
454 1752 552 1825 male
568 1750 624 1823 vir
639 1749 776 1847 quaerit
792 1749 932 1824 habere
949 1749 1081 1823 virum.

182 1865 285 1940 Ecce
295 1891 405 1940 suum
415 1875 538 1940 vatem
551 1862 663 1939 Liber
676 1874 797 1938 vocat.
817 1863 878 1938 hic
892 1887 1045 1962 quoque
1058 1877 1229 1938 amantes

6 2042 8 2046 ,
51 1982 58 2011 ³
168 2065 170 2071 ,
231 1982 418 2081 Adjuvat;
447 1992 487 2056 et
503 1982 676 2069 flamma,
696 1982 775 2079 qua
792 1981 892 2056 calet
909 1981 1004 2079 ipae,
1022 1980 1133 2056 favet.
1153 1986 1227 2056 526

132 2104 135 2109 ’
182 2097 323 2170 Gnosis
340 2097 379 2169 in
397 2096 534 2192 ignotis
553 2119 682 2169 amens
700 2096 849 2175 errabat
866 2097 1002 2184 arenis,

232 2209 318 2298 Qua
334 2211 457 2285 brevis
475 2211 659 2308 aequoreis
678 2209 754 2284 Dia
770 2210 899 2286 feritur
914 2212 1038 2308 aquia.

184 2327 315 2425 thue
330 2337 411 2402 erat
428 2350 452 2400 a
467 2349 598 2399 somno
616 2325 746 2399 tunica
763 2327 888 2401 velata
903 2329 1083 2415 recincta,

116 2492 118 2496 »
232 2442 349 2516 Nuda
364 2444 514 2542 pedem,
533 2465 686 2516 croceas
704 2442 893 2539 irreligata
908 2467 1057 2532 cornaa;
1153 2448 1228 2517 530

181 2557 331 2632 Thesea
347 2557 539 2632 crudelem
557 2556 690 2630 surdas
707 2557 895 2632 clamabat
912 2559 961 2632 ad
979 2558 1113 2647 undas,

232 2672 393 2771 Indigno
410 2684 559 2749 teneras
577 2673 697 2748 imbre
715 2673 859 2770 rigante
877 2699 1007 2772 genas.

181 2788 395 2876 Clamabat,
413 2790 605 2887 flebatque
633 2790 760 2879 simnl;
791 2791 859 2864 sed
885 2801 1088 2888 utrumque
1115 2792 1225 2865 dece-

232 2903 269 2976 N
272 2928 316 2979 ec
333 2904 433 2979 sacta
450 2915 509 2979 est
525 2905 688 2979 lacrimis
706 2906 849 3004 turpior
866 2905 929 2980 illa
946 2906 1037 2980 suia.
1124 2907 1224 3002 [bat:

211 3161 270 3210 513.
283 3158 411 3210 fuscantur
422 3176 515 3221 corpora
524 3160 627 3222 Carum]
636 3159 678 3209 Ad
728 3159 805 3226 Epio.
817 3159 1010 3209 i.videCrseub.
1020 3159 1171 3225 ed'l'neoplr.
1181 3161 1227 3212 Ca-
1308 3198 1314 3208 .

179 3248 291 3298 campum
302 3232 417 3280 Martium
426 3232 599 3289 reteaubiaese
611 3249 677 3282 exer·
728 3243 786 3282 raet.
802 3234 857 3301 περὶ
870 3232 1003 3299 ἀγροικίας.
1020 3252 1045 3300 p.
1061 3236 1116 3284 135.
1134 3245 1159 3284 et
1176 3252 1228 3303 req.

179 3306 268 3354 cebant
284 3303 406 3361 luctando,
425 3304 526 3370 alliaque
541 3305 638 3355 ludicris
654 3315 679 3355 et
729 3307 819 3356 Burri.

179 3379 276 3446 quidem
296 3377 353 3425 nudi
379 3388 406 3426 ut
430 3379 569 3444 plurimum.
602 3381 678 3430 Recte
760 3382 817 3430 516.
835 3380 1230 3445 Neonngnrr'nlmpeatibipelle

177 3455 230 3504 bac
240 3450 353 3502 exercitia
362 3452 496 3517 palaestrica
511 3463 583 3518 etqua
600 3455 676 3504 athle-
727 3454 811 3516 aaut]
828 3452 867 3501 Sic
884 3453 939 3503 νεῖν
952 3453 981 3503 lv
996 3456 1050 3511 τοῖς
1064 3455 1227 3519 1μβᾶσι,Λ11-

179 3529 228 3579 tica
248 3527 308 3575 inter
328 3525 456 3575 munditiae
475 3528 545 3577 refert
566 3528 677 3578 Ovidius.
726 3527 923 3593 atopb.Fquitib.
935 3528 1064 3576 vera321.
1098 3529 1191 3579 Herna.

177 3602 214 3652 illi
230 3599 303 3652 enim,
316 3597 357 3663 qui
373 3598 527 3647 denudabant
543 3599 678 3665 frequenter
760 3602 818 3650 522.
848 3600 897 3650 Noc
922 3602 990 3650 ledor
1012 3603 1099 3666 iturea]
1130 3602 1227 3653 Ledunt

178 3690 270 3743 corpur,
288 3671 311 3722 ei
330 3672 434 3721 curando
452 3671 541 3722 assidui
553 3672 676 3725 incumbe-
727 3674 809 3724 iidem.
828 3674 876 3723 duo
887 3681 1003 3739 preterea
1012 3675 1074 3732 libri,
1085 3679 1175 3740 dunque
1185 3696 1227 3740 pe·

177 3753 245 3808 bant,
263 3745 356 3797 rordem
376 3762 470 3796 omnem
494 3762 523 3795 ac
543 3747 677 3812 squalorem
728 3756 805 3810 terqua
820 3750 904 3812 gregis,
922 3762 970 3796 non
987 3751 1074 3811 uirque,
1089 3750 1155 3814 quud
1172 3766 1227 3800 mox

178 3824 235 3874 inde
246 3820 345 3872 amoliti.
356 3819 398 3868 sed
409 3829 434 3869 et
444 3820 493 3869 sole
503 3820 603 3885 oleoque
616 3821 677 3870 inbi·
727 3821 841 3886 requitur.
875 3822 923 3870 Sed
933 3821 1020 3886 virgil.
1033 3822 1175 3874 Ecl.vii.7.

177 3898 234 3949 biri·
244 3909 340 3961 corpora
351 3903 435 3959 vegeta
444 3910 472 3943 ac
480 3894 584 3943 colorata
593 3894 676 3943 radde-
763 3894 803 3941 Vir
811 3897 889 3960 gregis
900 3900 944 3959 ipra
951 3913 1020 3959 cuper
1028 3901 1186 3948 deerraverur.

177 3973 273 4022 bantur.
306 3968 358 4016 Hoc
376 3969 476 4032 sartura
500 3984 592 4030 coanu
616 3967 677 4016 dixit
749 4005 753 4013 .
1104 3972 1194 4022 Herna.

178 4046 273 4094 Noster.
296 4042 427 4091 liemarus.
453 4042 676 4107 Haeccadcmprae·
759 4043 815 4090 528.
835 4043 883 4091 Diu
892 4043 1008 4109 feritam]
1032 4043 1144 4096 Alluitur.
1179 4048 1227 4098 Dia

176 4117 235 4184 cipit
253 4117 334 4165 Horat.
351 4115 392 4164 lib.
410 4116 425 4163 i.
442 4118 492 4165 Sat.
511 4115 543 4165 111.
563 4127 587 4165 et
603 4116 645 4165 lib.
660 4117 675 4165 1,
726 4115 804 4164 insula
815 4117 893 4166 Creta
904 4117 1023 4182 adjacens.
