2904 4994
429 330 655 399 AMORUM.
690 332 782 399 LIB.
806 332 835 398 1.
857 334 892 402 8.
1114 336 1182 405 ale

136 506 221 579 Scis
240 506 329 579 ltere
346 515 396 592 te,
415 526 501 580 mea
517 506 595 593 lux,
609 507 738 603 juveni
756 507 944 605 placuisse
962 509 1085 583 beato.

185 618 319 708 Haesit,
339 621 433 694 etin
449 622 553 695 vultu
572 621 741 695 constitit
757 644 879 720 usque
896 632 974 697 tuo.

135 736 187 809 Et
203 737 263 810 cui
282 761 356 810 non
375 737 552 834 placeas?
578 736 670 810 nulli
687 747 756 811 tua
770 737 889 812 forma
905 738 1073 812 secunda
1089 751 1161 813 est.

134 870 138 879 ·
185 850 251 926 Me
269 853 464 926 miseram!
496 853 632 948 dignus
650 874 805 952 corpore
823 854 947 927 cultus
964 853 1085 928 abest.
1130 861 1178 928 26

134 966 229 1039 Tam
247 968 338 1041 felix
356 991 473 1052 essee,
493 991 608 1065 quam
625 968 905 1053 formosissima,
924 968 1072 1043 vellem.

185 1082 272 1154 Non
290 1107 372 1178 ega,
391 1095 429 1156 te
444 1082 543 1156 faeta
559 1083 687 1170 divite,
704 1107 850 1182 pauper
866 1109 942 1158 ero.

109 1246 113 1253 -
136 1198 255 1272 Stella
271 1199 340 1272 tibi
358 1200 520 1298 oppositi
538 1200 667 1273 nocuit
684 1201 870 1274 contraria
887 1199 1035 1274 Martie.

185 1314 290 1388 Mars
308 1316 420 1390 abiit:
449 1317 556 1412 signo
572 1341 672 1391 nunc
690 1315 820 1390 Venus
839 1327 929 1415 apta
945 1341 1026 1389 suc.
1130 1321 1179 1389 30

134 1430 260 1504 Prosit
277 1442 320 1504 ut
336 1431 550 1518 adveniens
569 1456 616 1504 en
634 1432 800 1529 adspice.
828 1432 933 1506 dives
952 1444 1095 1506 amator

184 1545 239 1619 Te
256 1547 373 1645 cupit,
393 1558 432 1620 et
448 1571 560 1633 curae,
582 1548 673 1645 quid
691 1548 759 1622 tibi
777 1548 888 1634 desit,
907 1549 1035 1623 habet.

134 1661 205 1737 Est
221 1663 334 1735 etiam
351 1662 479 1752 facies,
499 1688 584 1762 quae
602 1689 643 1739 se
660 1665 730 1739 tibi
747 1675 952 1762 comparet,
971 1665 1045 1738 illi:

166 1778 225 1850 'Si
243 1790 281 1852 te
299 1802 374 1852 non
391 1790 531 1852 emtam
548 1780 672 1867 vellet,
691 1780 873 1853 emendus
891 1789 984 1852 erat.

133 1892 344 1989 (Erubuit)
362 1895 474 1969 decet
490 1895 577 1969 alba
594 1895 749 1991 quidem
766 1895 888 1993 pudor
900 1918 986 1968 ora:
1006 1894 1075 1967 sed
1093 1894 1176 1980 iste,

185 2008 226 2082 Si
244 2011 409 2096 simules,
428 2011 600 2109 prodest:
628 2033 738 2083 verus
756 2011 891 2085 obesse
909 2010 1016 2083 solet.
1129 2014 1177 2083 36

165 2173 208 2221 2³.
235 2170 324 2235 Hera]
353 2173 376 2222 0
404 2172 507 2221 domina.
543 2172 631 2221 Herum
680 2171 762 2221 Venus
780 2181 833 2233 est;
858 2170 904 2220 hoc
923 2168 1022 2220 esttibi
1042 2170 1178 2237 propitium.

132 2246 239 2312 appellat
248 2247 323 2312 ipsam
332 2247 480 2314 puellam,ut
489 2249 511 2296 ei
520 2246 630 2297 blandia-
680 2245 882 2296 aliicorlicenno.
914 2245 1006 2294 Hirrus.

132 2328 179 2376 tur,
206 2337 235 2369 ac
256 2321 445 2371 benevolentiam
468 2329 557 2387 captet.
591 2321 630 2370 Sic
713 2322 755 2370 ³1.
775 2322 852 2370 Prosit
865 2330 887 2370 et
902 2319 1044 2382 adveniente]
1066 2319 1142 2367 Prosit
1154 2328 1178 2367 et

130 2393 203 2442 etiam
221 2393 304 2459 incipit
319 2394 404 2458 Elegia
420 2395 450 2442 ad
463 2394 630 2461 Demophoon·
681 2393 770 2443 Aldina
784 2395 854 2459 prior,
872 2393 973 2459 Gryphii
991 2402 1016 2441 et
1030 2393 1179 2441 Bemmanni.

131 2476 179 2515 tem
191 2467 254 2533 apud
266 2467 413 2532 Propertium
422 2467 482 2517 libro
493 2467 613 2518 secundo:
679 2468 722 2517 sed
738 2469 809 2524 male,
820 2477 845 2516 et
859 2476 921 2517 recte
939 2466 1031 2515 Marius
1046 2465 1136 2530 rejecit,
1154 2475 1179 2514 et

163 2541 274 2589 Seitdm
284 2540 411 2590 minuitas
420 2545 508 2605 pariter
519 2543 630 2604 placuisse
680 2553 708 2590 ut
725 2542 841 2609 explicuit
858 2556 901 2608 pro
917 2543 1109 2603 quemadmodum.
1131 2555 1179 2589 non

193 2617 291 2676 puellus.
680 2616 759 2663 male:
788 2615 868 2681 aspice
889 2630 936 2679 quc
956 2613 1026 2661 modo
1050 2612 1179 2662 adveniens

131 2685 161 2735 In
172 2688 275 2752 quodam
284 2697 365 2738 tamen
382 2687 541 2753 manuscripto
551 2705 630 2738 exem·
680 2689 750 2738 stella
770 2690 870 2738 Veneris
887 2688 930 2736 tibi
950 2688 1031 2752 prosit.
1060 2687 1102 2736 sed
1121 2687 1179 2737 forte

131 2760 192 2826 plari
202 2761 316 2827 scriptum
327 2761 383 2825 legi,
392 2764 445 2810 lm
454 2777 497 2827 per
507 2778 526 2818 e,
535 2777 580 2809 non
589 2779 631 2827 per
680 2762 876 2819 1enae,lormanti
885 2760 967 2810 rudem
975 2760 1113 2810 meretricie
1122 2761 1180 2811 artis

129 2854 153 2893 a,
169 2851 222 2900 que
238 2836 309 2885 lectio
325 2836 383 2884 mihi
405 2852 451 2884 ιιοιι
467 2835 584 2901 displicet,
604 2846 630 2884 ut
680 2837 793 2903 puellam,
805 2836 983 2885 convenientius
992 2835 1053 2884 soret
1062 2836 1155 2900 legere:

129 2911 194 2959 card
205 2912 234 2960 τὸ
243 2914 397 2974 σιοπῶμενον
404 2909 572 2973 intelligamus,
581 2910 629 2976 pri·
714 2911 790 2959 Prosit
799 2920 828 2959 ιιι
836 2913 965 2966 adueniens,
976 2926 1004 2957 en
1014 2913 1099 2972 accipe.

129 2983 169 3034 die
180 3001 252 3050 quam
264 2984 295 3032 ad
310 2984 450 3033 tentandam
466 2983 570 3048 puellam
587 3000 627 3033 ac·
677 2985 706 3033 Id
718 2995 754 3034 est
770 2984 835 3033 disce
853 2999 916 3032 nunc
927 3000 956 3032 ex
967 2999 1013 3040 me,
1025 2999 1074 3048 qua
1089 2983 1178 3034 mtione

128 3059 237 3108 cessisset
248 3059 310 3106 laena
319 3058 380 3114 haec,
389 3073 441 3106 eam
447 3057 522 3106 visam
530 3057 602 3106 luisse
614 3075 629 3108 ιι
676 3059 720 3107 tibi
732 3059 914 3114 Venusiamn,
928 3057 1003 3106 forma
1013 3066 1037 3106 et
1054 3066 1126 3107 etate
1136 3060 1178 3108 llo·

128 3133 232 3199 quodam
241 3133 342 3188 Juvena,
351 3132 392 3195 qui
402 3135 481 3180 statim
490 3130 554 3180 illius
564 3148 627 3180 amo·
676 3133 745 3190 renti,
761 3132 833 3199 possit
849 3132 968 3197 prodesse.
988 3131 1055 3179 dives
1072 3148 1127 3181 cum
1147 3133 1178 3182 sit

126 3223 153 3257 re
175 3214 295 3271 correptus
315 3206 353 3263 sit,
374 3222 415 3270 pro
432 3221 481 3270 quo
497 3221 560 3254 nunc
576 3207 627 3255 hac
677 3216 768 3257 ametor
777 3216 801 3257 et
812 3207 907 3264 habeat,
914 3206 978 3271 quod
989 3205 1032 3255 tibi
1043 3205 1112 3264 desit,
1123 3223 1177 3274 spo-

127 3282 201 3330 verba
213 3279 285 3329 iaciat
295 3280 392 3346 Dipsas.
426 3280 489 3329 Here
503 3278 575 3344 igitur
585 3280 627 3328 ad·
677 3281 772 3330 liandus
785 3281 839 3339 erit,
851 3288 878 3331 ιιι
894 3281 919 3330 in
933 3281 1088 3346 sequentibus
1101 3282 1176 3347 pluri·

128 3355 235 3404 verbium
245 3363 289 3409 est,
306 3371 348 3419 pro
364 3356 425 3403 lera':
443 3362 470 3402 ut
487 3362 559 3402 staret
574 3370 626 3403 ver·
677 3355 723 3403 bus
734 3355 828 3415 tradet,
845 3354 905 3403 illud
917 3354 988 3404 etiam
999 3371 1060 3402 curoe
1071 3358 1126 3418 quid
1136 3358 1179 3405 ιιἹιι·

127 3429 309 3477 sus.Maa1us.
334 3428 411 3476 Recte
421 3425 516 3492 quidem
527 3426 627 3475 Marius.
677 3431 734 3478 desit
755 3431 828 3487 Ιιιιιιι,
850 3430 976 3478 obscurum
996 3427 1054 3476 mihi
1073 3427 1177 3479 ridetur.

128 3502 228 3553 sednon
238 3519 296 3569 opus
307 3511 343 3551 est
353 3519 395 3567 per
405 3503 465 3558 lere,
474 3501 549 3568 pridie
557 3501 627 3551 intel·
677 3519 732 3552 nam
749 3503 769 3551 si
786 3505 921 3551 habetem
940 3505 1003 3565 qnid,
1018 3501 1064 3550 &a
1079 3503 1177 3568 conjun-

127 3576 208 3641 ligere,
223 3592 278 3625 cum
294 3584 319 3624 et
333 3575 425 3641 longius
441 3584 535 3641 tempus
550 3582 625 3632 notet,
677 3593 727 3643 gns,
739 3594 819 3627 vereor
830 3586 857 3626 ut
867 3576 924 3626 satis
935 3575 1020 3625 Latine
1032 3575 1063 3625 sit
1075 3575 1176 3634 dictum,

128 3650 179 3699 vid.
196 3651 280 3700 Heius.
296 3651 364 3700 Iect.
381 3651 480 3700 Τιιεοοι.
497 3652 523 3699 6.
542 3659 567 3700 et
584 3667 627 3716 pro
677 3668 732 3701 cum
743 3653 807 3700 lata
817 3650 963 3717 simpliciter,
970 3667 1013 3716 pro
1023 3649 1090 3698 dives
1099 3658 1143 3706 est,
1151 3657 1178 3698 ut

128 3741 203 3791 nuper
213 3734 293 3774 utatur
302 3725 393 3775 Tertul.
405 3724 479 3790 Apol.
490 3727 516 3773 4.
533 3725 567 3774 sic
577 3743 628 3774 cras
677 3724 771 3782 millies,
798 3725 900 3791 positum
927 3724 1045 3773 videatur.
1067 3721 1117 3769 vid.
1146 3720 1177 3768 ad

128 3798 201 3849 etiam
210 3799 240 3848 de
251 3801 337 3856 futuro,
348 3808 375 3848 ut
385 3808 475 3849 notum.
508 3800 598 3848 Βιιιιιι.
678 3799 773 3849 Phedr.
784 3800 828 3849 lib.
841 3817 864 3848 v.
876 3800 935 3847 Fab.
943 3800 968 3846 4.
980 3812 1053 3861 quare
1061 3795 1177 3844 fortene·

160 3875 202 3922 25.
222 3874 254 3921 Ει
269 3891 313 3922 car
323 3891 369 3922 aon
382 3873 501 3936 placeasll
522 3874 567 3921 Cui
581 3891 626 3922 non
676 3873 722 3922 lius
733 3874 838 3938 legatur:

126 3950 215 4010 placeas
234 3965 295 3997 unus
313 3948 393 3997 Vatic.
415 3957 439 3997 et
458 3948 625 3996 Famesianus.
711 3947 750 4005 Et,
761 3950 829 3996 culte
839 3948 897 4009 quod
908 3947 949 3992 tibi
957 3942 1021 4006 defit,
1030 3942 1104 3989 habet.

128 4023 260 4072 llera'srus.
286 4023 372 4071 Recte.
385 4021 419 4071 ita
431 4038 510 4087 saepe3
527 4039 625 4087 proom·
1056 4016 1145 4063 ΒΜ·

127 4096 197 4145 nibus
206 4096 289 4163 places
298 4097 371 4145 forma
382 4095 433 4144 tut.
467 4096 556 4143 Βιιιιιι.
709 4096 749 4143 35.
769 4092 894 4155 Erubuit]
914 4090 965 4138 Hoc
988 4095 1052 4138 recte
1070 4104 1086 4137 a
1104 4088 1179 4138 Poeta

158 4173 200 4220 30.
221 4171 296 4220 Venus
306 4181 359 4233 apra
372 4169 433 4232 ιιι]
444 4169 522 4218 Tuum
532 4169 626 4233 signum
677 4167 724 4216 dici
742 4175 807 4215 notat
818 4166 920 4214 Marius.
938 4170 962 4211 et
976 4161 1031 4213 ideo
1043 4161 1178 4230 parenthesi

860 4450 872 4481 ι’

1165 4592 1378 4700 Px
