2904 4994
490 321 714 389 AMORUM.
750 323 841 388 LIB.
865 323 893 387 1.
916 327 948 388 6.
1177 325 1244 391 w?

196 495 296 568 Cum
313 519 444 592 surges
462 495 609 571 abitura
625 497 791 582 domum,
810 520 1007 593 surgemus
1023 508 1063 572 et
1079 520 1232 586 omnes;

247 612 292 687 ln
310 614 475 691 medium
492 614 613 688 turbae
628 613 686 689 fac
705 637 848 688 memor
860 637 996 710 agmen
1013 636 1090 688 eas.
1193 617 1242 687 56

195 729 362 827 Agmine¹
374 753 436 805 me
453 730 631 815 invenies,
647 741 712 805 aut
729 729 938 815 invenieris,
958 729 995 801 in
1015 728 1090 801 illo.

246 843 441 942 Quidquid
459 846 511 918 ibi
529 846 668 943 poteris
686 856 854 940 tangere,
873 854 987 941 tange
1004 845 1091 918 mei.

196 958 263 1034 Me
281 960 478 1034 miserum!
506 983 647 1058 paucas
665 960 791 1033 monui
809 961 912 1057 quod
929 960 1047 1059 prosit
1064 960 1102 1033 in
1119 959 1242 1034 horas.

248 1076 409 1176 Separor
426 1101 449 1150 a
465 1078 631 1162 domina,
652 1089 763 1151 nocte
775 1078 947 1173 jubente,
966 1078 1066 1150 med.
1194 1080 1244 1149 60

196 1191 320 1266 Nocte
337 1194 392 1266 vir
409 1193 598 1267 includet:
627 1192 788 1267 lacrimis
807 1216 878 1289 ego
896 1203 1052 1266 moestus
1070 1191 1226 1278 obortis,

247 1306 334 1391 Qua
353 1308 455 1394 licet,
475 1309 522 1382 ad
541 1332 659 1382 saevas
677 1331 882 1406 prosequar
893 1332 1015 1405 usque
1033 1307 1144 1382 sores.

196 1422 341 1496 Oscula
353 1426 434 1521 jam
450 1434 590 1499 sumet:
606 1426 687 1522 jam
704 1448 779 1496 non
796 1434 942 1499 tantum
959 1424 1091 1497 oscula
1106 1431 1242 1499 sumet.

247 1539 358 1624 Quod
376 1542 466 1614 mihi
484 1541 552 1615 das
569 1541 708 1627 furtim,
723 1543 808 1637 jure
825 1551 958 1614 coacta
974 1539 1095 1614 dabis.

197 1655 337 1730 Verum
356 1657 471 1730 invita
488 1656 576 1730 dato
595 1659 720 1755 (potes
738 1656 827 1749 hoc)
845 1657 1053 1753 similisque
1069 1666 1230 1730 coactae:

249 1772 448 1848 Blanditiae
467 1785 637 1861 taceant3
667 1774 793 1871 sitque
811 1773 975 1870 maligna
986 1772 1128 1846 Venus.
1195 1777 1244 1846 66

197 1887 240 1959 Si
259 1912 344 1962 mea
361 1901 448 1964 vota
463 1891 600 1975 valent,
621 1890 725 1962 illum
739 1914 893 1988 quoque
911 1890 962 1962 nil
975 1893 1096 1988 juvet,
1115 1903 1225 1989 opto:

249 2004 316 2077 Sin
335 2005 478 2093 minus3
508 2014 666 2079 atcerte
684 2016 722 2078 te
735 2006 842 2103 juvet
859 2007 946 2080 inde
963 2007 1068 2080 nihil.

195 2118 277 2193 Sed
301 2145 551 2219 quaecumque
569 2134 695 2196 tamen
713 2134 862 2197 noctem
875 2122 1023 2198 fortuna
1039 2136 1241 2222 sequatur;

213 2288 216 2295 ·
248 2235 343 2309 Cras
362 2238 451 2311 mihi
469 2239 656 2313 constanti
670 2264 762 2314 voce
780 2240 931 2315 dedisse
949 2264 1058 2337 nega.
1196 2245 1245 2312 70

496 2489 940 2499 ——a-—-—--—-——-

554 2651 798 2725 ELEGIA
842 2651 889 2724 V,

196 2802 325 2876 AEstus
344 2813 435 2889 erat,
455 2802 693 2897 mediamque
710 2800 792 2874 dies
809 2809 988 2894 exegerat
1001 2800 1152 2873 horam:

246 2919 418 3018 Adposui
436 2917 560 2991 medio
578 2916 748 2989 membra
764 2914 922 2989 levanda
933 2925 1026 2989 toro.

229 3119 269 3164 62.
288 3116 414 3176 Persequor
427 3131 498 3176 usquo
507 3113 594 3178 sores]
616 3113 695 3162 Prose—
747 3112 853 3162 homines
863 3111 990 3169 meridiari,
1001 3111 1146 3162 ostenderet.
1161 3123 1186 3163 et
1200 3115 1245 3163 mi·

196 3206 255 3253 quor
282 3188 402 3237 meliores.
423 3205 475 3254 pro,
495 3191 525 3236 od
545 3205 613 3236 occas
630 3188 697 3252 fores
745 3202 799 3235 rum
814 3201 861 3233 non
879 3185 917 3242 sit,
930 3186 994 3250 quod
1011 3184 1116 3235 Corinna
1126 3186 1152 3236 in
1166 3187 1247 3238 mirica

197 3262 382 3318 Arondolianus,
404 3267 435 3311 ad
455 3280 535 3312 uersor.
568 3264 645 3319 Forte,
666 3267 697 3312 ud
747 3259 785 3309 vel
796 3259 933 3310 tenuissima
944 3260 1091 3325 processerit.
1123 3261 1163 3311 Sic
1179 3263 1247 3314 Naso

196 3341 285 3386 surdos.
303 3336 333 3384 de
352 3353 400 3401 quo
416 3336 487 3401 paulo
505 3343 556 3401 post
574 3335 642 3400 Elcg.
662 3337 695 3385 vi.
747 3334 1040 3384 in'l'ransmutationibus:

196 3427 258 3459 vers.
271 3411 311 3459 62.
329 3410 460 3460 llurssrus.
482 3411 609 3473 Prosequor
619 3420 696 3459 recte:
780 3410 858 3458 AEttur
873 3420 932 3466 erat,
943 3413 1072 3474 mediusque
1087 3413 1135 3461 dies
1142 3417 1246 3478 gemino·

197 3482 290 3532 honoris
299 3483 363 3532 enim
373 3492 397 3530 et
405 3483 476 3532 officii
484 3484 634 3540 verbumest,
642 3499 697 3533 curn
812 3495 876 3532 vorot
886 3495 973 3534 crtum.
1099 3487 1214 3537 Marum.

198 3557 338 3606 comitamur
357 3557 469 3622 aliquem.
486 3557 536 3607 vid.
552 3557 627 3623 Epist
638 3557 696 3606 xvii.
779 3559 805 3606 2.
824 3557 975 3622 Mediolano]
993 3558 1120 3609 offendere
1131 3569 1195 3610 certe
1204 3561 1246 3611 de·

197 3631 255 3680 245.
267 3640 291 3679 et
303 3631 369 3681 alibi.
747 3630 1155 3690 lientusauresdebetlraecvox,bis
1162 3634 1246 3683 eodem

415 3732 481 3743 —
747 3704 849 3753 disticho
857 3706 965 3772 repetita.
982 3708 1011 3755 ln
1020 3706 1112 3756 duobus
1121 3706 1247 3756 Vaticanis

232 3778 360 3841 Hostus]
379 3779 418 3828 Sic
430 3779 528 3844 quidem
540 3778 564 3827 in
575 3779 697 3843 exempla·
748 3789 806 3835 erat.
828 3779 927 3842 Imporur'
948 3791 1024 3829 tenero
1042 3790 1099 3827 toro.
1116 3780 1180 3843 quod
1198 3796 1245 3829 uon

198 3851 262 3900 ribus
278 3853 401 3917 hucusque
422 3855 511 3902 lectum
527 3862 577 3901 est:
595 3852 697 3902 sednon
747 3852 1245 3918 placetmedr'itarnentorilrequeutissime

198 3926 242 3974 nisi
259 3925 353 3991 ineptus
370 3944 453 3976 sensus
470 3928 620 3992 elicipotent.
653 3928 698 3976 Ic-
748 3928 844 3984 montio,
862 3927 902 3977 ubi
922 3928 952 3975 de
969 3927 1137 3976 accubantibus
1157 3925 1244 3990 agitur.

198 4000 300 4064 gendum
314 3999 393 4064 igitur,
403 4010 429 4049 ut
440 4001 464 4049 in
472 4001 604 4050 correctiori
615 4000 697 4050 codice
749 4001 790 4050 sed
801 4001 857 4065 quia
868 4001 918 4049 hac
929 4018 972 4049 vox
984 4016 1045 4065 supe
1056 4016 1111 4048 cum
1121 4002 1198 4058 viduo,
1208 4001 1246 4050 vel

199 4072 309 4130 vidimus,
321 4074 406 4130 ὦπας,
418 4083 444 4122 ut
457 4084 480 4122 ct
496 4074 585 4122 aestatis
598 4085 698 4138 tompus,
749 4091 819 4123 vocuo
837 4082 1002 4130 commutatur,
1021 4082 1047 4121 ut
1066 4090 1129 4138 supr.
1147 4073 1179 4123 ad
1198 4074 1245 4139 Ep.

198 4163 245 4211 quo
266 4158 361 4213 propter
382 4157 464 4198 noctes
486 4147 604 4196 breviores
623 4147 698 4196 solent
749 4151 798 4197 xix.
810 4150 866 4198 15³.
880 4148 991 4204 vidimus,
1002 4149 1115 4198 alterutra
1124 4148 1163 4197 bic
1173 4164 1246 4215 recipi

865 4229 920 4275 xa
