2904 4994
180 311 253 383 m,
471 308 512 374 Ρ.
535 303 698 373 OVIDII
720 300 935 371 NASONIS

184 481 305 556 Nobis
322 479 467 554 fatifero
484 478 637 554 Mavors
653 479 864 574 adcingitur
878 496 989 551 ense:

233 594 270 669 N
273 620 316 669 os
333 596 429 695 petit
445 596 584 669 invictd
604 593 770 667 Palladis
786 593 897 666 hasta
911 615 1041 665 mauu.

183 710 305 785 Nobis
321 711 508 785 flexibiles
525 722 726 785 curvantur
741 709 928 807 Apollinis
944 731 1075 781 arcus:

232 826 278 898 ln
295 851 363 899 nos
380 827 458 900 alta
473 824 578 899 Jovis
596 826 754 899 dextera
770 823 911 898 fulmen
928 824 1057 897 habet.
1176 826 1227 894 30

182 938 380 1014 Formosas
399 941 533 1040 Superi
551 953 724 1015 metuunt
740 940 928 1015 offendere
944 940 1044 1012 laesi:

229 1055 357 1152 Atque
375 1055 485 1140 ultro,
505 1079 590 1152 quae
609 1079 650 1129 se
668 1079 742 1128 uon
759 1055 930 1140 timuere,
948 1055 1099 1128 timent.

180 1166 233 1242 Et
250 1171 451 1266 quisquam
468 1170 532 1268 pia
548 1182 634 1242 tura
649 1170 743 1243 focis
761 1170 953 1268 imponere
969 1168 1101 1242 curet?

230 1283 344 1358 Certe
361 1286 446 1383 plus
464 1285 576 1357 animi
594 1286 709 1358 debet
726 1285 849 1358 inesse
865 1286 966 1357 riris.

179 1396 203 1470 J
206 1399 357 1498 uppiter
373 1401 460 1495 igne
478 1423 546 1472 suo
565 1399 670 1472 lucos
682 1401 872 1496 jaculatur
887 1410 926 1472 et
943 1422 1064 1472 arces.
1177 1401 1225 1470 35

230 1515 427 1613 Missaque
445 1519 614 1614 perjuras
632 1515 709 1589 tela
725 1514 833 1588 scrire
849 1525 963 1588 vetat.

179 1629 252 1705 Tot
269 1655 438 1705 meruere
456 1630 547 1729 peti.
603 1630 754 1704 Semele
772 1629 995 1703 miserabilis
1012 1627 1126 1702 arsit:

230 1745 364 1819 Officio
382 1757 441 1819 est
457 1746 509 1819 illi
528 1768 639 1843 poena
657 1758 807 1844 reperta
824 1769 905 1818 suo.

177 1860 230 1933 At
247 1861 278 1933 si
296 1871 451 1934 venturo
469 1883 510 1934 se
528 1861 773 1933 subduxisset
790 1860 943 1943 amanti,

228 1975 265 2048 N
267 2000 316 2048 on
333 1987 440 2075 pater
457 1978 495 2050 iu
515 1976 669 2050 Baccho
687 1976 816 2049 matris
834 1975 991 2049 haberet
1006 1997 1117 2047 onus.
1175 1977 1224 2045 40

178 2090 280 2175 Quid
297 2115 446 2188 queror,
466 2103 505 2166 et
521 2093 589 2165 toti
606 2091 703 2165 facio
720 2090 888 2164 convicia
904 2088 1022 2163 coelol
1049 2089 1223 2184 [habent.

229 2206 278 2281 Dl
304 2232 457 2305 quoque
484 2209 625 2283 habent
649 2208 794 2295 oculos;
833 2204 884 2278 Di
909 2226 1063 2303 quoque
1089 2214 1224 2303 pectus

178 2322 220 2396 Si
239 2321 345 2397 Deus
364 2323 445 2421 ipse
463 2322 597 2413 sorem3
626 2346 765 2396 numen
784 2321 864 2395 siue
882 2319 1013 2394 fraude
1031 2320 1164 2394 liceret

228 2438 384 2511 Femina
400 2439 571 2513 mendaci
589 2438 735 2512 falleret
751 2461 815 2510 ore
833 2459 972 2509 meum.

179 2554 266 2651 lpse
284 2580 354 2650 ego
368 2558 533 2650 jurarem
552 2578 679 2626 verum
694 2554 820 2648 jurare
840 2551 1001 2648 puellas;
1176 2553 1223 2620 45

229 2669 278 2741 Et
296 2696 368 2742 non
388 2672 434 2742 dc
454 2670 594 2743 tetricis
613 2669 756 2739 dicerer
773 2691 856 2738 esse
877 2666 994 2736 Deus,

177 2784 233 2856 Tu
252 2796 377 2857 tamen
397 2786 544 2856 illorum
562 2782 788 2855 moderatius
809 2793 913 2852 utere
932 2781 1049 2852 dono:

228 2899 305 2973 Aut
322 2900 440 2973 oculis
459 2913 559 2974 certe
578 2924 702 2998 parce,
722 2899 859 2995 puella,
880 2896 985 2968 meis,

209 3166 248 3212 3³.
268 3168 369 3228 t'nmrt]
396 3167 449 3214 Non
467 3168 614 3215 incommode
631 3169 674 3215 lor·
757 3165 1226 3228 Snmrnopetrrntdextrdjirlninornirro

176 3246 239 3285 tasse
251 3240 273 3284 in
285 3241 433 3302 subjunctivo
450 3240 574 3301 legeretur,
589 3243 675 3289 Curet?
789 3239 861 3286 Jorr's.

177 3322 202 3357 ut
218 3321 253 3357 est
271 3312 295 3358 in
312 3315 420 3377 exemplo
440 3314 572 3376 Virgiliano
588 3314 629 3361 lib.
650 3314 674 3360 ii.
726 3313 753 3359 Id
765 3323 800 3360 est
811 3314 904 3359 feriunt.
915 3311 938 3359 iu
951 3309 1070 3358 nonnullis
1087 3322 1169 3361 tamen
1186 3331 1224 3360 ex·

176 3387 217 3434 48.
725 3387 868 3450 emplaribus
884 3385 979 3448 legitur,
998 3384 1067 3432 Pori:
1085 3403 1140 3449 qum
1157 3388 1226 3437 lectio

212 3457 241 3504 Er
252 3460 366 3519 quiquam
379 3476 461 3504 numen
472 3458 665 3507 Jrrnonisndnret.
725 3460 795 3506 valde
814 3460 902 3522 placet.
922 3459 1037 3504 urruns.
1060 3459 1175 3523 Ellipticn
1192 3461 1224 3510 lo·

176 3531 222 3579 Sed
241 3531 330 3577 nullum
349 3547 378 3577 er
398 3531 479 3578 multis
495 3532 675 3595 exemplaribus,
725 3534 789 3580 cutio
801 3542 850 3580 est:
870 3550 919 3596 pro,
937 3532 998 3579 Cum
1015 3542 1050 3579 tot
1066 3532 1121 3580 alise
1135 3551 1224 3582 merue-

176 3622 230 3671 quae
246 3604 304 3650 rniln
321 3614 383 3657 sunt.
396 3604 480 3659 habeo,
492 3605 559 3667 cujus
576 3608 675 3654 auctori·
726 3609 771 3654 rint
782 3606 839 3671 pati,
851 3608 901 3654 sola
912 3607 1004 3653 Semele
1021 3606 1122 3654 fulmine
1139 3610 1226 3656 confla·

176 3690 224 3729 tate
235 3678 304 3726 nitar.
340 3677 574 3725 idcircononausiur
590 3678 673 3726 immu·
725 3681 810 3742 gravit.
842 3682 902 3727 Sunt
917 3690 997 3727 tamen
1013 3680 1169 3745 codiceS,qui
1185 3700 1226 3746 pro

177 3763 234 3810 tare,
246 3768 300 3799 cum
316 3751 444 3816 prasertim
462 3750 495 3798 sic
513 3767 606 3814 quoque
623 3769 675 3799 sen·
728 3754 782 3800 l'uu'
800 3755 911 3809 habeant,
931 3754 991 3808 l’etr',
1007 3753 1071 3817 quod
1087 3755 1119 3801 ad
1137 3755 1226 3803 fulmen

176 3845 217 3877 sus
234 3828 321 3894 optime
341 3826 459 3891 procedat.
494 3826 599 3874 Damnat
614 3825 675 3873 enirn
726 3829 816 3891 proprie
827 3828 989 3875 referendum:
1008 3836 1034 3875 ut
1049 3828 1068 3875 si
1083 3829 1159 3883 dicas,
1172 3830 1223 3877 Me-

179 3904 243 3951 Naso
258 3912 370 3965 tauquam
388 3901 522 3948 dementem
540 3900 616 3955 illum,
634 3900 675 3964 qui
727 3903 904 3964 rueresulmr'rre
912 3905 968 3963 peti.
992 3903 1139 3951 Mrcrnnrs.
1162 3904 1224 3960 lino,

176 3975 221 4023 diis
232 3975 362 4023 sacrificare
373 3984 448 4021 curat.
468 3974 578 4020 lllrruus.
725 3979 778 4035 peti.
790 3977 886 4023 fulmine
899 3976 1016 4024 nimirum.
1032 3986 1105 4041 atque
1123 3978 1157 4027 ita
1173 3979 1227 4026 libri

209 4051 250 4096 ³7.
265 4050 304 4095 Tot
322 4066 422 4096 mernere
438 4049 507 4110 peti]
533 4048 560 4095 ld
573 4059 616 4102 est,
628 4049 672 4095 sul·
725 4052 906 4114 prestantiores.
927 4051 1018 4098 llrrs's.

178 4124 278 4171 rniuibus
288 4123 356 4171 feriri.
379 4124 442 4170 Naso
451 4123 474 4170 in
487 4123 587 4171 Remed.
599 4125 656 4171 370.
