2904 4994
471 326 731 395 HEROIDES.
755 331 825 396 ΕΡ.
852 333 962 399 XXI.
1177 337 1243 403 nm

197 499 312 575 Certe
329 525 400 597 ego
417 503 588 575 convalui
606 503 772 576 nondum
790 504 838 577 de
855 505 1007 580 vulnere
1024 508 1111 595 toli3

248 613 303 689 Ut
313 617 455 713 jaculo,
473 618 622 716 seriptis
641 619 787 693 eminus
805 620 879 693 icta
896 620 983 694 tuis.

197 728 299 814 Quid
309 742 436 806 temen
450 733 524 806 huc
537 734 687 808 veniasl
706 760 796 809 sane
810 746 853 809 ut
865 736 1077 827 miserabile
1089 761 1239 837 corpus,

247 846 395 944 Ingenii
411 848 539 924 videas
557 851 646 924 bina
663 860 805 949 tropaea
821 852 889 926 tui.
1166 859 1239 928 214

197 962 442 1037 Concidimus
449 964 586 1052 macie;
604 966 706 1039 color
715 977 775 1040 est
784 967 1073 1063 sinesanguine:
1089 969 1241 1065 qualern

120 1106 146 1123 ι’
248 1075 295 1150 ln
311 1102 424 1176 pomo
440 1079 559 1154 refero
576 1091 703 1155 mente
720 1081 836 1155 fuisse
853 1092 931 1156 tuo.

198 1192 373 1269 Candida
388 1218 458 1269 nee
476 1196 596 1269 mixto
614 1195 816 1269 sublucent
832 1219 897 1270 ora
913 1197 1070 1286 rubore;

249 1308 386 1383 Forma
401 1310 487 1384 novi
504 1311 589 1385 talis
606 1312 800 1386 marmoris
818 1335 902 1386 esse
920 1313 1029 1386 solet.

197 1421 354 1520 Argenti
371 1426 474 1499 color
490 1437 549 1501 est
565 1427 661 1503 inter
677 1427 847 1502 convivia
863 1428 961 1514 telis,

248 1537 360 1622 Quod
377 1551 520 1615 tactum
538 1542 672 1638 gelidae
689 1541 825 1638 frigore
843 1542 961 1641 pallet
977 1566 1099 1640 equae.
1167 1547 1241 1614 220

200 1653 242 1726 Si
260 1678 321 1728 me
339 1679 438 1728 nunc
455 1657 596 1744 videas,
614 1658 732 1731 visam
750 1659 853 1757 prius
871 1682 956 1732 esse
973 1656 1152 1754 negabis:

248 1767 341 1843 Arte
359 1795 429 1845 nec
446 1782 517 1858 est,
534 1772 652 1859 diceS,
672 1774 745 1847 ista
761 1775 925 1872 petenda
942 1775 1050 1848 med:

200 1882 457 1982 Promissique
475 1886 601 1973 fidem,
621 1911 668 1961 ne
686 1889 756 1960 sim
775 1888 844 1961 tibi
857 1892 1002 1985 juncta,
1022 1888 1208 1972 remittes;

250 1998 299 2073 Et
317 2002 447 2098 cupies
465 2002 556 2076 illud
574 2027 648 2075 non
667 2004 882 2077 meminisse
901 2003 1034 2076 Deam.

202 2114 371 2188 Forsitan
389 2127 428 2189 et
444 2115 572 2203 facies
587 2119 711 2214 jurem
729 2128 771 2191 ut
787 2119 971 2191 contraria
988 2142 1132 2203 rursus;
1168 2120 1242 2188 225

135 2252 142 2259 ’
250 2227 422 2328 Quaeque
440 2231 576 2328 legam,
595 2233 722 2307 mittes
741 2233 857 2307 altera
874 2235 989 2309 verba
1005 2233 1108 2306 mihi.

202 2344 279 2419 Sed
297 2356 423 2420 tamen
441 2348 656 2446 adspiceres
674 2351 820 2437 vellem,
840 2361 953 2448 prout
970 2350 1052 2446 ipse
1069 2347 1241 2443 rogabas,

251 2458 302 2534 Et
318 2461 442 2536 discas
460 2488 608 2561 sponsae
625 2465 803 2560 languida
820 2466 988 2540 membra
1006 2474 1093 2537 tuoe.

265 2789 346 2853 Λεὶχει
361 2792 409 2855 γὰρ
424 2791 520 2842 Χείλων
535 2795 584 2858 argiv
595 2795 636 2843 ἴσα
650 2797 697 2860 :du
747 2795 821 2843 tirum
831 2793 954 2856 Bentlejus
970 2787 1135 2840 alimonii.
1150 2785 1245 2835 Satri.

294 2861 381 2912 ἄνισα.
747 2868 787 2915 67.
798 2867 862 2932 apud
873 2865 965 2915 nullum
976 2864 1082 2919 lbetem,
1091 2878 1121 2911 ne
1128 2860 1246 2910 comicum

199 2935 272 3000 Apud
293 2937 430 2986 Martialem
451 2953 553 3003 quoque,
571 2949 595 2988 et
615 2938 699 2989 similis
747 2940 852 3006 quidem,
868 2941 912 2989 boe
922 2940 1019 2989 verbum
1031 2953 1056 2986 se
1066 2934 1152 3001 legisse
1163 2934 1245 2982 memi-

198 3009 288 3058 ordinir
306 3011 448 3068 Poetastros,
464 3012 541 3060 obvie
562 3011 599 3062 bae
617 3028 696 3078 nugo.
747 3014 792 3070 nit,
811 3030 854 3063 nec
871 3013 897 3061 in
911 3010 1010 3060 Horatio
1027 3007 1116 3075 patitur
1132 3008 1158 3055 in
1174 3021 1244 3055 unam

199 3085 289 3133 Bunrr.
746 3086 863 3152 syllohom
888 3085 1030 3134 coalesoere.
1057 3098 1087 3131 ex
1108 3079 1194 3129 Plauto
1220 3079 1245 3130 io

231 3158 289 3206 21³.
300 3157 360 3204 Sane
368 3158 698 3222 mturaltocmpuJSeriue,
747 3161 837 3210 Bacch.
852 3159 885 3209 iv.
902 3159 937 3208 ix.
956 3161 982 3215 5,
1002 3152 1173 3220 lexicographi
1193 3152 1246 3202 leu-

199 3236 267 3282 Anne
277 3242 304 3279 ut
314 3233 439 3280 miserabile
455 3248 544 3294 corpus.
577 3232 616 3282 Sic
633 3234 697 3297 opud
747 3227 1183 3294 dannoedibipmutemendrtiom
1195 3225 1245 3277 edi·

199 3304 336 3355 Martialem
355 3303 398 3353 lib.
419 3322 441 3352 v.
461 3304 542 3371 Epigr.
559 3305 604 3356 ult.
638 3307 698 3356 Sane
747 3307 824 3357 tiones
833 3315 896 3356 reete
907 3305 1028 3355 exhibent.
1044 3312 1069 3353 et
1084 3299 1192 3351 seueris
1209 3309 1245 3351 to·

198 3396 241 3447 pro
251 3381 283 3428 At
294 3396 323 3427 ne
333 3395 395 3428 nunc
409 3378 503 3443 legitur.
519 3380 560 3444 qui
571 3396 654 3429 nevus
662 3389 696 3429 to·
748 3381 816 3430 lerari
831 3380 870 3429 bic
880 3396 947 3445 posse
959 3378 1060 3434 videtur,
1071 3392 1125 3425 cnm
1139 3374 1206 3424 nulle
1215 3374 1247 3424 sit

199 3467 250 3502 tum
261 3453 333 3502 ferme
342 3453 506 3517 epigrammati
514 3470 615 3503 acumen
626 3454 697 3504 inter·
747 3454 815 3512 ratio,
828 3471 881 3520 qun
891 3453 1001 3510 suadeat,
1011 3459 1053 3502 eut
1062 3451 1162 3517 primum
1172 3449 1246 3514 sylla-

199 3536 310 3577 verterat.
343 3528 476 3576 Herusrus.
510 3529 622 3578 Francius
632 3528 696 3593 lege·
747 3531 801 3577 born
820 3526 915 3593 corripi,
928 3526 1039 3576 nutduus
1055 3525 1163 3574 inunmn
1173 3521 1246 3571 coire.

199 3602 249 3657 bnt,
259 3610 286 3649 ot
296 3611 358 3649 meet
367 3603 491 3650 miserabile
498 3618 588 3663 eorpus.
605 3603 648 3650 sed
657 3601 696 3651 vix
747 3603 859 3652 Francius
871 3604 933 3651 oelul
943 3598 1079 3666 supposuit·
1090 3597 1132 3647 md
1148 3596 1193 3645 ¹²⁰⁰
1209 3604 1246 3644 θη

199 3675 275 3724 audeo
285 3675 346 3723 illud
357 3675 416 3723 Sorte
425 3691 528 3732 movere,
535 3692 590 3725 cum
601 3677 696 3740 elegen·
746 3692 788 3741 pro
799 3675 894 3725 arbitrio
911 3674 1047 3725 emendare.
1064 3672 1166 3734 ideoque
1182 3667 1245 3716 malo

199 3758 234 3799 ter
244 3748 356 3798 inserviat
366 3749 461 3806 Ironire,
473 3750 512 3799 vel
523 3751 554 3798 sit
562 3751 695 3799 concedeu·
750 3750 830 3799 Politen
840 3749 939 3814 ignobili
957 3749 1020 3796 hane
1034 3743 1190 3807 stribligiuem
1201 3739 1243 3821 nd·

199 3825 229 3874 tis
255 3824 324 3889 quasi
348 3834 372 3872 et
398 3824 565 3889 permittentis.
586 3824 637 3872 vid.
665 3824 696 3872 ed
745 3824 856 3872 seribere.
872 3826 945 3871 discor
960 3820 1033 3869 etiam
1049 3818 1146 3899 membrp
1163 3814 1245 3862 donus

199 3896 294 3945 Pbaedr.
305 3896 338 3944 iii.
350 3897 409 3946 Fab.
426 3899 466 3947 15.
478 3898 518 3945 ubi
535 3897 607 3946 etiam
620 3897 695 3946 Hein-
746 3895 837 3945 dietum
848 3896 950 3945 videtur.
967 3891 988 3941 si
1003 3908 1079 3940 noscas
1093 3890 1141 3954 legi
1157 3893 1244 3953 pout·

199 3970 248 4020 sius
258 3986 299 4035 pro
309 3987 369 4027 rane,
380 3990 411 4019 un
421 3974 560 4036 reponebat.
746 3971 919 4021 molliusesset.
953 3969 1040 4016 Burin.

232 4046 289 4093 227.
310 4046 382 4093 Prout
394 4049 438 4108 ipre
454 4047 565 4110 rogabas]
585 4046 695 4095 Celeber·
791 4069 792 4073 ¹

797 4126 851 4172 113
