2896 4980
197 320 263 385 202
494 316 532 382 Ρ.
556 313 717 381 OVIDII
740 312 953 381 NASONIS

201 490 347 566 Territa
363 492 575 587 consurgit3
604 490 884 587 metuendaque
898 488 1018 563 noctis
1035 510 1163 587 opacae

251 606 343 680 Visa
360 606 440 680 seni
458 606 621 691 Priamo,
640 605 788 679 vatibus
807 605 881 691 ille,
901 604 1025 678 refert.

201 722 378 797 Arsuram
397 722 543 796 Paridis
562 732 666 795 vates
684 722 786 794 canit
804 720 901 793 Ilion
919 720 1008 816 igni.

250 838 432 925 PectoriS,
452 850 493 910 ut
510 861 609 909 nunc
627 848 698 923 est,
717 835 780 909 fax
798 834 869 908 fuit
886 835 950 908 illa
967 834 1054 907 mei.
1188 837 1232 907 50

202 953 336 1029 Forma
351 955 530 1051 vigorque
548 953 673 1039 animi,
696 954 866 1050 quamvis
883 953 932 1026 de
948 953 1061 1050 plebe
1076 950 1233 1036 videbar,

251 1069 437 1144 Indicium
455 1080 565 1143 tectae
584 1070 788 1143 nobilitatis
807 1080 924 1142 erant.

201 1185 271 1260 Est
287 1186 392 1259 locus
411 1187 448 1258 in
466 1184 600 1258 mediae
619 1185 824 1258 nemorosis
841 1184 999 1259 vallibus
1019 1183 1099 1258 Idae

9 1288 76 1359 -assfss
89 1318 121 1364 ⁷.-
140 1286 169 1361 A,
250 1301 404 1386 Devius,
424 1311 463 1375 et
479 1300 596 1400 piceis
615 1300 839 1398 ilicibusque
855 1300 1054 1397 frequens:

200 1416 275 1501 Qui
292 1404 362 1491 nec
381 1417 458 1490 ovis
477 1416 648 1514 placidae,
668 1440 737 1489 nec
756 1415 917 1489 amantis
936 1438 1029 1488 saxa
1046 1414 1210 1513 capelle,

250 1531 333 1606 Nec
351 1533 479 1630 patulo
496 1532 613 1605 tardae
630 1531 796 1630 carpitur
814 1555 877 1605 ore
894 1531 1013 1604 bovis.
1189 1532 1232 1603 66

201 1647 300 1721 Hinc
319 1672 389 1744 ego
408 1647 608 1721 Dardaniae
625 1672 765 1733 muros,
781 1649 1010 1745 excelsaque
1028 1656 1141 1734 tecta,

250 1762 302 1836 Et
317 1763 413 1838 freta
429 1764 673 1863 prospiciens,
694 1764 825 1837 arbore
843 1763 954 1836 nixus
975 1786 1091 1836 eram.

202 1877 303 1952 Ecce
320 1878 460 1977 pedum
479 1880 590 1978 pulsu
607 1881 687 1953 visa
704 1888 763 1952 est
776 1879 866 1951 mihi
884 1890 983 1951 terra
999 1876 1163 1951 moveri:

249 1993 350 2069 Vera
364 1994 509 2092 loquar,
527 1996 604 2069 veri
621 1996 684 2069 vix
703 1995 875 2069 habitura
891 1995 1017 2068 fidem.
1189 1996 1235 2067 60

327 2203 488 2253 ---Ar'
498 2202 522 2252 tt
533 2221 581 2254 που
591 2204 638 2266 ἤδη
745 2205 775 2254 de
786 2221 835 2270 qua
845 2214 920 2253 mater
930 2203 1066 2253 somniarat.
1100 2201 1189 2267 Fatqne
1198 2201 1234 2250 ln·

229 2277 355 2328 Tlcrourtv
369 2281 475 2344 μογερῆς
490 2277 595 2341 Ἑκάβης
612 2278 694 2339 ὠδῖνες
745 2279 820 2327 versio
831 2277 892 2327 bec.
910 2293 964 2327 nam
975 2293 1028 2342 quie
1047 2285 1114 2327 vates
1127 2272 1235 2340 ‹ledw-

261 2352 372 2417 tnspov.
744 2352 854 2401 ficatione
870 2350 928 2401 lacis
946 2351 1092 2416 interpretati
1102 2350 1237 2407 lucrantes

197 2425 229 2474 Et
238 2424 396 2491 Apollodorus
406 2425 450 2474 lib.
462 2424 496 2474 iii.
513 2426 627 2492 Διυτέρου
638 2446 693 2492 yer—
744 2425 823 2474 omnia
838 2426 887 2492 ipse
905 2425 1009 2482 invertit,
1019 2434 1044 2474 et
1063 2425 1093 2475 de
1110 2440 1153 2474 tuo
1163 2438 1236 2474 amore

195 2497 693 2565 νᾰσθαιμέλλοντοςβρέφουςίδοξενῈεά-
743 2498 919 2565 interpretetur.
952 2499 1048 2547 Mrcrr..

194 2571 292 2633 βηκαθ
303 2572 370 2637 ὕπαρ
385 2570 463 2623 δαλὸν
477 2577 564 2631 τεκεῖν,
576 2573 694 2641 διάπυρον
776 2573 818 2621 67.
836 2572 899 2621 Hinc
925 2589 965 2637 ego
991 2572 1116 2621 Dardania
1140 2570 1233 2635 num]

194 2648 284 2696 rovreio
294 2644 319 2694 δὲ
328 2647 417 2695 πᾶσαν
427 2644 579 2711 ἐπινέμεσθαι
588 2650 637 2710 τὴν
646 2651 693 2700 πό.
744 2645 871 2695 Dardanio
885 2662 963 2694 muros
980 2645 1105 2711 improprie
1121 2644 1190 2702 dixit,
1199 2660 1236 2711 pro

195 2719 293 2774 aomar
302 2717 388 2767 καίειν.
422 2717 494 2767 Ctor.
742 2721 822 2785 ijo.
835 2718 956 2769 aliaenim
971 2718 1236 2785 Dardania,alia'l'rq'r

229 2793 269 2840 47.
287 2793 379 2841 Territa
399 2794 537 2858 consurgit]
562 2794 615 2843 Hoc
635 2795 693 2844 Ovi·
744 2793 796 2841 tuit.
830 2794 941 2842 Ceterum
955 2793 1030 2842 multa
1044 2792 1178 2859 hujusmodi
1188 2800 1238 2843 mot

196 2865 294 2914 diarium
305 2865 406 2915 videtur.
425 2868 464 2916 lta
474 2867 515 2916 ille
527 2869 544 2917 i.
563 2870 626 2919 Fast.
637 2872 693 2920 4³5.
744 2865 769 2915 in
779 2866 815 2914 bis
824 2867 929 2916 versibus
940 2866 1238 2931 notatu,e1qttibrrslecile

231 2939 322 2987 Territa
332 2957 468 3005 consurgens
480 2941 591 3005 ll'ynplre.
745 2951 852 3006 apparet,
875 2958 921 2989 nou
942 2957 992 2989 esse
1014 2941 1131 3006 γνησίους
1151 2941 1237 2990 Ροὲιο.

229 3012 269 3061 46.
289 3012 382 3061 Vatibus
393 3015 432 3061 ille
443 3014 535 3079 refert]
549 3017 636 3064 AEsaco
645 3015 694 3063 filio
743 3015 887 3064 Mrcrnrue.
913 3015 990 3071 Forte,
1003 3015 1134 3064 Dardanios
1143 3032 1223 3065 nuru.

196 3102 246 3143 suo,
258 3085 299 3150 qui
314 3086 462 3151 conjectandi
481 3088 595 3138 rationem
611 3090 693 3137 eMe-
777 3091 818 3138 69.
838 3090 897 3138 Ecce
916 3093 993 3151 perlem
1012 3089 1104 3153 palem]
1121 3091 1158 3139 Ex
1176 3090 1238 3155 signo

196 3175 251 3224 rope
263 3159 361 3208 edoctus
373 3159 458 3210 fuerat.
482 3160 639 3226 Apollodorus
650 3161 694 3210 ibi·
744 3163 873 3211 adventum
884 3164 981 3212 deorum
993 3163 1094 3228 colligit.
1129 3165 1223 3214 Mrcvr..

196 3229 261 3279 dem.
296 3230 367 3280 Cror.
777 3238 819 3286 60.
833 3238 891 3286 Vera
904 3240 1102 3301 loquunoemm'r
1112 3238 1236 3303 hobitum]

229 3305 269 3353 49.
287 3306 397 3353 Arsurum
417 3307 511 3355 Paridis
530 3317 590 3357 tates
607 3309 693 3371 canit]
745 3310 854 3367 Mallem,
878 3311 959 3359 Verum
979 3314 1015 3359 tv'r
1035 3314 1142 3361 habitura
1153 3316 1239 3377 fida:

197 3375 226 3425 ld
245 3385 289 3431 est,
305 3387 370 3427 vates
384 3390 480 3435 canunt,
491 3379 540 3428 sive
558 3382 695 3446 praetlicant,
746 3392 772 3431 ut
783 3384 813 3432 sit
827 3386 961 3449 conjunctio
972 3385 1131 3436 adversativa.
1148 3386 1239 3437 nemin

197 3449 290 3499 Paridis
309 3450 358 3513 igni
374 3452 468 3515 Trojam
485 3454 693 3517 conflagrantem:
745 3458 828 3506 eadem
845 3459 1025 3523 significatione,
1039 3478 1099 3517 cero,
1110 3472 1192 3512 contra
1205 3477 1238 3511 re·

196 3523 241 3572 hoo
255 3532 299 3579 est,
314 3524 398 3580 lacem,
409 3524 438 3572 de
449 3542 497 3589 qua
507 3527 634 3575 somniarat
644 3529 693 3578 He·
744 3533 825 3595 gulam
843 3544 867 3583 ct
883 3550 951 3582 usum
969 3534 1122 3600 preponitur.
1145 3538 1238 3586 Μιση-

197 3599 267 3654 cuba,
278 3597 410 3661 significare
419 3597 555 3647 incendium
563 3608 635 3664 atque
644 3603 693 3651 exi·
745 3620 800 3653 trs.
834 3606 989 3655 Scribendum
1012 3624 1087 3656 veram
1100 3610 1182 3672 fidem,
1201 3616 1240 3661 tut

196 3671 256 3721 tium
275 3670 367 3736 patrini.
402 3673 443 3719 Rst
465 3682 544 3721 autern
566 3673 692 3738 l‘rolepsis.
743 3681 876 3742 reriflrlem,
888 3688 1008 3746 utsupra:

195 3746 300 3795 nondum
314 3744 377 3793 enim
388 3745 418 3794 de
432 3744 523 3793 Paridis
540 3746 641 3803 nomine,
653 3760 693 3798 eut
776 3755 858 3816 Accipe
869 3773 920 3803 cum
931 3773 984 3803 oera
994 3758 1057 3805 elicto
1067 3758 1201 3820 relatafide.

196 3836 283 3875 amore,
294 3835 365 3884 quem
381 3819 420 3869 hic
438 3836 478 3885 per
489 3820 567 3884 ignem
578 3820 692 3887 intelligo,
747 3825 798 3873 Veri
813 3827 837 3874 in
856 3828 900 3875 hoc
917 3828 1019 3877 Nasonis
1037 3830 1090 3878 loco
1107 3847 1158 3880 esce
1176 3844 1238 3894 repo·

196 3894 324 3959 quicquam
335 3896 473 3943 constabat:
492 3895 573 3958 utqui
591 3896 693 3945 nondum
743 3901 847 3949 nendum
868 3901 927 3949 vidit
947 3911 971 3951 ct
987 3902 1136 3954 doctissimus
1153 3904 1239 3954 l‘reint·

197 3976 266 4016 natus
277 3976 347 4015 esset.
381 3969 478 4017 llIrcrt.
744 3972 835 4022 homins
850 3975 881 4023 ad
893 3975 1000 4024 Curtium
1011 3976 1044 4024 ir.
1055 3980 1080 4026 5.
1098 3995 1128 4027 ex
1145 3977 1238 4027 illoSe·

229 4042 270 4089 50.
296 4041 396 4089 Pectoris
409 4044 457 4108 fur
467 4040 547 4106 suit]
578 4042 628 4090 lloc
650 4054 694 4101 est,
744 4062 808 4095 nece
829 4050 874 4115 Ep.
894 4049 957 4097 xciv.
994 4050 1052 4097 Duc
1065 4069 1101 4101 rer
1116 4053 1238 4115 plurim

196 4131 298 4163 amorem
318 4133 396 4166 meum
415 4117 562 4182 significabat
581 4116 622 4165 illa
643 4119 692 4175 lar,
745 4125 891 4173 roborirdcrrt
902 4126 1237 4190 animmfirlm‘erietfidttcic·
