2896 4980
194 302 261 368 238

486 300 525 364 Ρ.
550 297 711 365 OVIDII
736 295 948 363 NASONIS

197 473 288 549 Tale
307 474 397 548 nihil
413 474 549 559 timeo;
578 472 645 546 sed
663 495 732 546 nee
752 469 892 546 Medea
907 471 1076 547 timebat.

248 590 401 665 Fallitur
418 588 571 685 augurio
589 612 676 686 spes
694 589 793 661 bona
810 611 911 686 saepe
928 613 1010 662 suo.

144 763 147 773 .
200 707 384 779 Omnibus
394 704 571 790 invenies,
583 728 668 802 quae
679 727 778 776 nunc
792 705 981 800 jactantur
999 705 1036 776 in
1046 704 1134 790 alto,
1159 706 1224 779 235

139 854 144 861 ·
249 822 416 896 Navibus
436 846 458 895 a
475 831 584 919 portu
602 820 686 895 lene
705 820 819 894 fuisse
838 820 985 894 fretum.

199 937 279 1011 Fax
297 962 448 1036 quoque
465 961 525 1009 me
543 947 674 1011 terret:
702 960 816 1033 quam
834 961 875 1009 se
893 936 1086 1034 peperisse
1103 960 1225 1012 cruen-

247 1053 346 1128 Ante
364 1054 463 1127 diem
482 1055 610 1150 partus
628 1063 687 1126 est
703 1064 769 1127 tua
785 1055 865 1127 visa
881 1078 1029 1151 parens,

1142 1055 1226 1149 [um

199 1167 249 1244 Et
270 1181 395 1243 vatum
413 1170 526 1242 timeo
545 1168 729 1243 monitus:
759 1193 854 1267 quos
872 1170 958 1266 igne
976 1168 1138 1267 Pelasgo

248 1284 344 1358 Ilion
362 1308 528 1358 arsuram
546 1285 813 1382 praemonuisse
828 1284 961 1359 lerunt.

1161 1290 1228 1357 240

165 1435 170 1443 ·
199 1401 329 1500 thue
347 1402 446 1476 favet
465 1402 655 1500 Cytherda
670 1403 751 1487 tibi,
772 1403 862 1499 quia
878 1401 977 1488 vicit,
997 1401 1185 1499 habetque

248 1518 363 1591 Parta
379 1543 447 1616 per
464 1519 656 1592 arbitrium
674 1518 763 1593 bina
779 1531 921 1617 tropaea
936 1530 1065 1607 tuum;

201 1634 263 1707 Sic
281 1635 364 1707 illas
382 1659 532 1723 vere0r3
563 1661 661 1733 quae,
682 1635 713 1708 si
732 1646 797 1708 tua
814 1636 931 1731 gloria
946 1658 1035 1709 vera
1050 1645 1121 1721 est,

248 1748 272 1822 J
275 1750 384 1823 udioe
401 1761 440 1823 te
457 1776 629 1825 caussam
648 1776 722 1824 non
740 1761 894 1824 tenuere
911 1751 1008 1823 duae.

201 1865 283 1939 Nec
301 1867 444 1952 dubito,
464 1868 567 1964 quin,
586 1878 624 1940 te
643 1868 673 1939 si
691 1890 909 1965 prosequar,
928 1890 1032 1940 arma
1048 1874 1229 1964 parentur.

250 1981 328 2053 Ibit
344 2006 411 2078 per
428 1982 572 2077 gladios
590 1982 667 2078 (hei
686 1980 812 2075 mihil)
830 1992 955 2056 noster
972 2005 1087 2056 amor.
1162 1981 1230 2052 246

200 2095 261 2168 Αιι
278 2096 356 2170 sera
373 2097 571 2171 Centauris
590 2099 753 2173 indicere
771 2098 871 2172 bella
887 2099 1010 2194 cobgit

251 2212 399 2286 Atracis
417 2212 632 2289 Haemonios
651 2214 906 2315 Hippodamia
918 2215 1042 2288 viros?

233 2576 271 2625 Sic
283 2577 456 2635 Helenedoleat,
465 2581 696 2646 dpeeraquecoajuge

263 2654 346 2713 ploret.

201 2725 240 2773 Ita
250 2726 333 2774 Cicero
348 2735 372 2775 et
387 2727 467 2776 Livius
484 2744 547 2792 serpe
558 2737 656 2778 utuntur
666 2729 696 2778 de

201 2798 238 2856 iis,
248 2800 289 2864 qui
303 2800 446 2866 dejiciuntur
456 2803 591 2851 honoribus.
607 2804 656 2852 vid.
666 2803 695 2851 ad

201 2873 247 2938 Ep.
259 2874 313 2938 Sap.
324 2875 359 2923 iii.
371 2877 412 2924 20.
445 2878 536 2925 Βυιιιι.

233 2949 290 2996 232.
310 2949 362 2997 Non
379 2948 443 3012 lprdo
461 2951 564 3014 perena]
584 2950 697 3015 Scaliger,

202 3021 256 3069 Non
274 3023 372 3085 Hypsea
392 3041 480 3085 parens.
502 3025 606 3089 legebat.
629 3025 698 3074 Dur.

202 3093 330 3143 Humerus.
363 3096 449 3153 Nemo,
461 3099 523 3162 quod
538 3099 619 3156 sciam,
634 3108 698 3148 vete-

202 3184 253 3215 rum
264 3168 305 3216 dat
314 3170 408 3233 lpseam
418 3173 513 3221 Medeae
524 3183 633 3223 matrem.
648 3176 698 3224 He-

202 3240 281 3290 siodus
290 3242 438 3305 Tbeogouia:

230 3313 348 3375 Αἶὴτηςὸ
356 3315 405 3374 οἰὸς
413 3319 699 3383 φαεσιμβρότουἨελίοιο

237 3387 338 3452 Κούρην
347 3386 472 3439 Ὠκεανοῖο
482 3392 613 3452 τελήεντος
623 3413 698 3445 ποτα-

267 3478 322 3525 μοιο

236 3537 311 3597 Γῆμε,
324 3535 530 3602 θεῶνβουλῇοιν,
539 3535 699 3588 'tentaveram

268 3606 402 3672 λιπάρηον.

204 3680 243 3728 lta
255 3680 396 3746 Apollonius
406 3698 499 3748 quoque
509 3683 625 3733 Rhodius.
654 3687 698 3735 Αι-

204 3765 301 3818 gonaut.
312 3754 346 3803 iii.
357 3757 413 3804 241.
433 3756 472 3804 ubi
489 3758 593 3820 Absyrto
603 3758 698 3809 Astero-

204 3828 267 3877 diarn
279 3829 320 3879 dat
329 3840 428 3878 matrem
437 3849 443 3876 :

236 3906 287 3954 Τὸν
304 3907 351 3970 μὲν
373 3906 502 3967 Καυκασίη
530 3904 612 3972 νύμφη
632 3906 699 3957 τέκεν

268 3976 417 4043 Ἀστερόδεια

239 4053 304 4115 Πρίο
315 4071 359 4115 περ
376 4052 500 4118 κοοριιῗίην
515 4052 597 4103 θέσθαι
609 4054 700 4106 'rovreto

269 4142 364 4174 οιιοιτιν

777 2580 872 2641 Τηθοός
881 2578 999 2630 Ὠκεανοῦ
1008 2596 1034 2629 ιε
1044 2575 1236 2638 tummim

810 2656 942 2718 γεγᾶιιῑαιν.
1120 2651 1207 2701 Bm.

746 2727 827 2775 Adeas
838 2744 932 2793 quoque
943 2723 1055 2791 Apollod.
1065 2724 1084 2772 i.
1096 2726 1126 2785 93
1143 2724 1196 2775 cte.
1208 2724 1236 2774 de

747 2801 806 2850 Nat.
824 2801 898 2849 Deor.
917 2802 1016 2860 iii.19;
1033 2808 1058 2847 et
1073 2799 1164 2865 Hygia.
1181 2799 1236 2849 Pub.

747 2891 803 2923 xxv.
831 2874 941 2923 Ceterum
955 2873 995 2922 alii
1007 2872 1079 2921 uliam
1087 2872 1183 2922 Medea
1192 2886 1237 2923 Ιι·

747 2957 805 2997 trem
824 2949 952 3013 affingunt:
971 2948 1074 2995 Hecaten
1091 2955 1169 3005 vocnt,
1185 2960 1237 2997 m·

748 3031 783 3070 tor
792 3021 1005 3086 Naupacticorum3
1017 3020 1239 3087 Eurylytenflopb

747 3096 805 3152 cles,
828 3097 866 3144 vel
889 3095 1015 3153 Nemeum·
1034 3094 1137 3158 Clytien
1155 3094 1239 3160 Hyg'n.

747 3171 793 3219 bre.
827 3170 917 3219 Αιιιιι.

780 3247 838 3293 248.
857 3245 947 3292 Atracis
963 3243 1076 3291 AEmonior
1094 3242 1239 3304 riwin-‘r

748 3319 830 3380 uiros]
851 3320 925 3365 Αιιιιι·
941 3326 965 3363 et
977 3318 1082 3373 Atracia,
1099 3316 1157 3365 urbs
1171 3316 1239 3365 nu·

749 3393 824 3446 saliae,
847 3393 898 3457 ejus
924 3390 1005 3455 partis,
1026 3406 1080 3455 qua
1102 3388 1241 3455 Pelnsg'm

749 3466 815 3514 dicta
832 3467 885 3523 luit,
903 3467 933 3514 ab
953 3468 1046 3521 Atrace,
1063 3464 1114 3513 filio
1130 3463 1204 3515 Penei
1217 3470 1240 3513 Ι

749 3542 829 3595 Bure,
849 3540 944 3589 condita
964 3555 992 3588 ac
1018 3538 1148 3595 nominata,
1166 3546 1239 3589 um

749 3615 876 3679 Stephano.
904 3613 968 3662 Hinc
979 3614 1072 3661 Atracis
1079 3609 1239 3679 Hippalci.

749 3705 791 3752 pro
808 3686 952 3743 Thessalica,
964 3687 1014 3736 sive
1026 3686 1090 3750 quod
1103 3703 1133 3738 ex
1148 3684 1238 3737 nub

750 3771 806 3811 nata
828 3762 907 3818 luerit,
925 3762 975 3811 sive
993 3760 1134 3825 gener-aliter
1148 3764 1239 3825 ααψ

751 3837 854 3885 nomine·
897 3836 948 3884 Alii
969 3843 1049 3884 autem
1070 3837 1184 3891 Amen.
1193 3832 1237 3883 ,1-

750 3909 814 3959 vium
821 3911 948 3960 Tlressaliae
959 3909 1060 3965 iaciunt,
1070 3906 1238 3975 ejuquaffi

751 3984 946 4050 Hippodamiam:
961 3983 1004 4032 sed
1014 3983 1129 4034 hartman
1137 3980 1237 4033 ffi-

751 4058 798 4107 lato
809 4070 898 4109 autore.
932 4059 1029 4108 Mrem..
