2904 4994
260 387 306 452 86
553 384 592 449 P.
617 381 778 450 OVIDll
800 380 1012 449 NASONIS

263 559 457 660 Quidquid
475 559 591 633 Amor
602 558 727 658 jussit,
747 581 820 631 non
837 568 897 631 est
913 567 1150 631 contemnere
1167 564 1303 629 tutum.

313 675 475 773 Regnat,
494 688 533 750 et
549 676 587 749 in
606 674 787 747 Dominos
799 675 864 771 jus
881 673 996 747 habet
1012 673 1074 747 ille
1093 671 1209 745 Deos.

263 788 332 866 Ille
350 793 440 865 mihi
458 793 577 891 primo
594 789 780 864 dubitanti
798 788 974 875 scribere,
989 788 1104 862 dixit:

314 907 459 995 Scribe,
478 907 584 982 dabit
592 907 709 980 victas
727 905 866 979 ferrens
885 905 946 978 ille
959 928 1104 977 manue.

263 1022 385 1110 Adsit,
405 1034 455 1111 et,
474 1035 517 1097 ut
533 1034 678 1097 nostras
689 1022 797 1096 avido
815 1021 914 1095 fovet
930 1023 1016 1119 igne
1033 1019 1228 1105 medullas,
1260 1022 1304 1092 15

314 1138 423 1236 Figat
439 1140 493 1213 sic
506 1140 654 1214 animos
672 1140 709 1212 in
722 1163 808 1213 mea
822 1150 909 1212 vota
920 1150 1017 1213 tuos.

255 1255 350 1329 ·Non
368 1279 439 1353 ego
456 1256 624 1352 nequitia
640 1255 792 1328 socialia
808 1254 949 1329 soedera
966 1280 1149 1355 rumpam.

313 1370 429 1445 Fama
446 1372 573 1468 (velim
591 1371 754 1470 quaeras)
770 1372 925 1446 crimine
943 1384 1068 1446 nostra
1083 1382 1203 1446 vacat.

160 1518 179 1557 ,ν
260 1484 375 1562 Venit
392 1486 508 1561 Amor
525 1488 684 1583 gravina,
704 1511 780 1584 quo
798 1487 928 1561 serius,
957 1489 1096 1561 urimur
1112 1488 1224 1573 intus,

313 1603 486 1692 Urimur3
503 1616 541 1677 et
558 1628 699 1677 caecum
717 1614 870 1702 pectora
885 1604 1019 1676 vulnus
1037 1603 1189 1677 habent.
1254 1605 1304 1673 20

262 1719 417 1793 Scilicet
434 1730 476 1792 ut
490 1729 639 1794 teneros
656 1719 823 1791 laedunt
803 1742 903 1815 Juga
919 1718 1039 1816 prima
1052 1720 1245 1816 juvencos,

313 1832 557 1964 Frenaque
525 1860 588 1908 vrx
606 1835 745 1934 patitur
762 1835 810 1908 de
828 1859 893 1953 gre
939 1846 1092 1961 qaptus
1110 1859 1251 1933 equus.

255 1948 327 2023 stc
341 1950 483 2023 male
451 1975 590 2049 vixque
603 1951 704 2024 subit
716 1950 855 2048 primos
912 1918 1106 2049 depectus
1120 1973 1286 2023 amores
1276 2005 1287 2039 ,

313 2049 542 2148 Sarcinaque
559 2051 640 2124 baec
658 2051 781 2124 animo
799 2074 873 2122 non
890 2050 997 2124 sedet
1013 2060 1104 2148 apta
1118 2073 1215 2124 meo

250 2284 333 2333 ·.17
352 2284 542 2350 Nequitiafflic
556 2285 755 2354 pmlucivirpo
837 2281 1309 2352 -txaorovtxvvtmtptovum

257 2356 329 2416 nitur,
340 2375 389 2423 qna
406 2359 431 2408 in
448 2361 617 2426 cujuscumque
633 2360 756 2427 amplexus
838 2361 952 2426 Κύπριος
966 2361 992 2410 le
1007 2358 1127 2427 μεγάλας,
1138 2359 1167 2409 τό
1186 2357 1304 2420 οιῆπαι
1383 2364 1387 2369 ’

258 2430 360 2481 ferimur.
381 2439 407 2480 et
425 2433 550 2498 opponitur
573 2433 656 2482 amori.
677 2450 755 2485 amore
869 2437 932 2491 πᾶξε
945 2435 1078 2500 Βέλεμνον.

250 2521 314 2572 ·ergo
323 2505 456 2573 Hippolyti,
467 2523 514 2555 non
524 2507 621 2557 libidine
631 2525 656 2557 re
668 2510 755 2558 moveri
805 2510 837 2559 Et
844 2509 905 2560 Bion
916 2511 1009 2575 Smym
1021 2507 1111 2576 ldyll.
1104 2524 1122 2557 ι
1131 2524 1156 2556 r.
1165 2509 1205 2557 l'l.
1210 2506 1302 2575 irrEpi·

256 2579 348 2630 ecribit.
359 2595 406 2629 non
422 2579 541 2630 intellexit
555 2581 607 2630 hec
625 2581 754 2649 Crispiana,
804 2584 872 2651 tapb.
884 2584 962 2633 Adon.

257 2655 300 2720 qui
310 2654 414 2721 explicat
430 2655 518 2721 inepte,
529 2674 574 2704 aon
591 2658 707 2706 libidinoso
723 2661 753 2708 le-
822 2660 921 2715 Μιῑζον
937 2657 958 2708 δ’
974 2657 992 2708 ἅ
1010 2655 1130 2723 Κυθέρεια
1148 2655 1213 2723 §ipre
1232 2675 1292 2708 rore

253 2733 326 2779 nitate
336 2729 436 2795 federa,
447 2746 494 2793 qne
512 2740 540 2779 tu
556 2747 642 2780 mm
655 2735 754 2791 ιηὲωήι,
868 2732 969 2797 κάρδιον
979 2732 1059 2791 ilaec.

255 2821 369 2868 rumpam.
386 2803 482 2853 Sociolin
498 2804 540 2854 illa
549 2804 642 2870 soedera
659 2808 754 2874 respici·
836 2808 877 2855 23.
903 2808 990 2856 Primae
1009 2809 1067 2856 mdc
1090 2816 1167 2869 pectus
1194 2807 1300 2873 mmm]

248 2889 300 2930 ·rmt
318 2879 413 2944 nuptiae
433 2894 487 2928 curn
502 2879 594 2929 'llreeeo
610 2880 693 2943 initam
709 2882 754 2932 hoc
804 2880 977 2930 Bmulrlrusinm
1002 2879 1112 2929 munim
1135 2884 1207 2943 primo
1230 2886 1303 2931 mort

250 2950 380 3019 -reqnentia
388 2951 503 3001 indicant.
537 2954 627 3002 Bou.
801 2953 1302 3021 notavitFraneiue.eedquemvienterqne

288 3027 409 3090 sociata]
429 3026 468 3074 Ita
484 3026 538 3091 lege
566 3029 629 3095 apud
646 3031 707 3079 Stet.
725 3030 752 3079 ii.
803 3028 938 3077 cunabulo
953 3029 1023 3077 verbo
1035 3028 1102 3094 jungi
1114 3028 1245 3094 pocrithic
1259 3044 1302 3096 ep·

255 3101 336 3151 acha.
348 3101 526 3149 artaxerse.
804 3100 851 3150 tius
863 3109 920 3166 puto
930 3101 1082 3166 ammomum
1094 3101 1217 3150 continuet
1226 3102 1302 3153 Poeta

248 3208 252 3215 .
288 3176 511 3230 Quisnimr'llier'rir
519 3179 692 3240 waioliommpi
802 3174 967 3241 Metapboram
982 3176 1212 3242 ajugoinceptnm3
1229 3179 1303 3228 etita

247 3274 251 3279 ·
289 3248 428 3298 Pretodolr's
438 3248 613 3315 διαρρυῆναι
802 3249 860 3298 rude
878 3259 961 3314 pectus
981 3251 1042 3298 male
1061 3249 1124 3298 nubit
1142 3265 1240 3307 amores,
1258 3250 1301 3317 qni

255 3322 305 3372 Ubi
314 3321 386 3386 vulgo
395 3325 495 3387 genialia
506 3323 602 3388 legitur.
634 3324 725 3374 Heme.
801 3330 857 3371 eunt
877 3339 947 3388 grave
965 3323 1058 3388 jugum,
1079 3340 1126 3388 quo
1152 3339 1221 3373 aenan
1241 3335 1300 3391 puto

287 3397 329 3443 20.
349 3396 436 3444 cmm
446 3400 632 3457 pertorcoulnue
646 3399 749 3462 tabum]
801 3396 878 3460 aptius
892 3413 943 3445 esre
962 3413 1042 3446 cneum
1059 3405 1177 3462 quartum.
1192 3405 1220 3447 ut
1235 3399 1300 3465 apud

168 3534 170 3538 Ι
254 3469 356 3519 Minime
367 3469 453 3518 damno
464 3470 668 3520 banclectiouem.
696 3473 752 3521 Non
801 3470 911 3520 libuli.
920 3471 954 3520 iv.

247 3543 333 3591 minus
344 3544 465 3607 eleganter
475 3552 553 3593 tamen
569 3561 630 3594 unus
644 3563 673 3595 ex
684 3547 751 3604 meis,
835 3545 1298 3607 Nectepoeniteatdururrubiioeelatom.

254 3621 350 3666 tacitum
364 3621 457 3667 calnae.
470 3620 574 3686 apposite
590 3620 653 3685 apud
670 3622 751 3671 Maro·
802 3620 836 3669 Ut
852 3619 1102 3668 recteBronlrhueius.
1119 3619 1193 3668 etita
1211 3621 1299 3684 panim

253 3707 322 3741 nem:
636 3728 639 3733 -
793 3697 881 3759 jugum
894 3697 968 3741 subire
983 3693 1115 3759 scriptores.
1126 3693 1160 3742 ric
1174 3696 1271 3743 morra
1262 3713 1298 3744 ιιι-

285 3776 382 3814 -οιι
392 3767 563 3832 mollirflommn
572 3770 683 3818 medrrllae
799 3771 946 3825 solitorcilror,
963 3768 1062 3826 Quinct.
1078 3768 1150 3817 Decl.
1162 3767 1205 3817 xii.
1218 3770 1243 3817 7.
1257 3770 1298 3819 nbi

285 3840 386 3897 Interea,
401 3850 423 3888 et
438 3843 532 3889 tacitum
548 3846 603 3891 uiuit
612 3845 653 3891 rub
663 3853 751 3906 pectore
801 3842 864 3892 ride.
878 3842 942 3891 aliud
953 3851 989 3891 eet
1005 3858 1060 3891 cum
1070 3842 1143 3892 Amor
1153 3842 1246 3892 dicetur
1259 3861 1298 3892 ιιι-

246 3940 250 3945 ·
316 3916 409 3964 ouium.
801 3918 855 3974 lire,
866 3918 890 3966 id
906 3926 942 3966 ert
951 3917 1012 3965 clam
1023 3916 1147 3982 subrepere
1159 3917 1185 3967 in
1195 3916 1285 3968 animoa
1291 3937 1300 3980 ;

248 3988 604 4039 antumantammdio.
800 4000 827 4041 ut
838 3992 960 4041 idua-ix.

246 4087 250 4093 ·
287 4063 375 4114 anmu
383 4065 489 4130 aarum]
499 4065 628 4116 Occultum
637 4081 749 4115 amorem.
832 4067 870 4114 Aa
880 4069 1054 4124 ordinatoria
1064 4068 1161 4115 collidar
1170 4076 1298 4116 memet.

252 4135 322 4202 Virg-
333 4139 423 4188 Eteoeeo
435 4139 749 4207 mrptturr'gnt.riclbeocr.
799 4140 838 4190 De
849 4141 1025 4206 qualocutione
1035 4159 1060 4191 v.
1075 4141 1183 4192 Broulh.
1193 4141 1224 4190 ed
1239 4141 1296 4190 Pro·

253 4207 372 4275 ldylt.xt
382 4214 458 4262 alb.
798 4213 972 4282 pert.i.ix.26.
1005 4216 1094 4264 Burri.
