2896 4980
481 359 741 429 nunninus.
765 360 835 427 ΕΡ.
860 359 969 427 ΧΙΙΙ.
1187 360 1253 429 lffl

204 530 362 607 Troiisin
379 532 538 610 invideo.
566 559 653 633 quie
671 536 704 611 si
722 535 918 610 lacrimose
933 557 1087 609 suorum

258 646 405 722 Funera
421 650 667 749 conspicient,
686 675 756 726 nec
769 651 899 751 procul
917 651 1035 725 hostis
1053 651 1124 725 erit
1134 680 1143 743 ;

206 762 296 863 Ipsa
312 766 390 841 suis
409 768 582 841 manibus
600 768 684 841 forti
702 792 800 841 nova
816 779 933 866 nupta
949 767 1082 841 merito

257 880 432 981 Imponet
450 884 607 980 galeam,
628 884 862 980 barbaraque
880 907 983 956 arma
1000 883 1116 957 dabit.
1179 889 1249 957 140

205 996 321 1070 Arma
336 998 459 1073 dabit:
480 1001 647 1096 dumque
661 1024 765 1072 anna
781 1000 898 1085 dabit,
912 1000 1024 1073 simul
1041 1000 1169 1073 oscula
1186 1025 1247 1072 su·

252 1111 356 1209 (Hoc
376 1139 495 1211 genus
512 1116 621 1188 officii
639 1116 751 1189 dulce
767 1116 915 1189 duobus
932 1113 1034 1209 erit.)
1141 1115 1247 1210 [met,
1304 1202 1307 1217 Ι

206 1228 474 1328 Producetque
491 1232 610 1305 virum
625 1261 635 1320 ;
664 1233 769 1307 dabit
786 1243 825 1307 et
847 1233 1023 1307 mandata
1039 1232 1194 1307 reverti:

255 1343 306 1419 Et
322 1347 445 1422 dicet:
476 1346 634 1423 Reseras
653 1350 737 1436 ista,
757 1350 851 1437 face,
871 1373 974 1425 arma
989 1348 1086 1422 Jovi.

201 1514 328 1566 lectionem
337 1527 415 1567 mutat
424 1519 578 1577 Hubertinns‚
587 1520 701 1586 legitque,
753 1522 816 1570 enim
836 1520 974 1585 Menalippe
994 1520 1053 1568 citet
1073 1518 1137 1568 lrunc
1154 1534 1248 1568 versum

202 1591 239 1637 nd
254 1592 310 1653 quid
327 1608 370 1657 ogo
388 1608 501 1643 reuocent.
518 1595 585 1643 nulla
599 1596 647 1644 elie
663 1611 701 1645 re·
752 1595 836 1644 Cicero
844 1595 897 1643 libri
907 1594 942 1643 iii.
954 1595 1123 1652 Tuteth.
1134 1595 1160 1643 9.
1180 1593 1247 1648 Quis-

203 1662 274 1721 tione,
284 1681 358 1731 qnam
368 1666 433 1732 quod
443 1667 508 1717 dicet
523 1685 651 1734 pronomen
662 1688 702 1736 ego
752 1687 804 1716 nom
813 1669 896 1732 florem
907 1669 1001 1716 tiberim
1011 1670 1096 1715 invidit
1105 1668 1188 1715 nterim.
1205 1668 1248 1717 sed

202 1739 485 1807 poeertoremeorrtpere.
495 1743 538 1791 sed
548 1744 701 1809 egopriorem
751 1740 835 1790 addit:
854 1741 917 1789 Mula
934 1741 1019 1790 Latine
1032 1744 1133 1797 πίων,
1143 1743 1181 1789 ud
1190 1758 1248 1804 pre·

202 1810 328 1863 lectionem
345 1823 372 1863 ut
387 1814 506 1880 puriorem
524 1817 622 1873 retineo,
639 1828 664 1867 et
681 1820 701 1868 si
751 1817 813 1865 ctare
823 1816 919 1865 Accium
936 1827 962 1863 ut
979 1818 1038 1864 mim
1048 1817 1132 1871 videre,
1142 1817 1174 1863 ric
1187 1818 1248 1863 inor'·

202 1885 260 1950 qnid
276 1887 301 1936 in
319 1887 413 1952 syllaba
427 1904 498 1938 mone
517 1889 555 1946 sit,
571 1890 596 1938 id
612 1908 701 1940 cesum
751 1891 804 1938 dere
814 1890 898 1954 florem
920 1892 1012 1947 rectius,
1032 1908 1098 1953 quem
1111 1890 1188 1954 flori,
1210 1908 1249 1940 nor

201 1958 374 2027 delendipone
385 1976 477 2012 censeo.
494 1963 639 2014 Mrcrnnue.
657 1966 701 2014 Sed
749 1966 911 2013 monum
929 1965 1081 2026 meditatur.
1120 1963 1191 2011 Poe'tc
1205 1966 1250 2025 jus

202 2035 256 2096 quid
273 2051 313 2099 ego
331 2051 408 2084 reseco
418 2037 483 2084 lucc?
499 2055 562 2086 orico
577 2044 701 2088 revocantis
750 2054 815 2086 suum
828 2043 911 2096 terruit,
922 2048 944 2087 et
954 2041 1012 2088 duit
1023 2041 1142 2086 audacius.
1163 2038 1248 2086 frustra

201 2108 280 2164 dedo,
289 2108 361 2173 vulgo
371 2108 459 2166 editur,
469 2109 511 2160 sed
521 2127 636 2176 nusquam
646 2128 700 2178 pro·
750 2128 806 2176 ergo
824 2113 979 2162 Gmmmatiei
994 2112 1136 2162 recentiores
1152 2120 1248 2161 tuentur

202 2179 267 2230 ducit
276 2182 386 2231 ultimum
402 2183 428 2232 in
438 2202 479 2250 ego
489 2186 589 2246 Noster;
606 2202 635 2234 ex
652 2187 700 2235 elc—
751 2185 812 2234 hane
829 2187 978 2254 scripturum.
996 2203 1058 2235 nunc
1070 2186 1191 2234 videamus
1207 2202 1246 2235 co-

201 2252 240 2318 gie
257 2254 282 2302 in
298 2255 406 2304 Drusum
424 2273 449 2305 v.
469 2259 525 2307 193.
550 2259 601 2307 hnc
614 2259 701 2325 produ·
750 2258 816 2310 dices
824 2261 1004 2326 manuscriptos.
1023 2260 1092 2308 Trous
1100 2262 1188 2307 invideo
1198 2260 1246 2308 Pu·

202 2333 360 2394 erumque&
376 2347 417 2397 ego
426 2335 480 2393 jors
497 2335 604 2383 creduut
614 2337 699 2397 iniquit.
750 2342 856 2386 termus.
890 2336 959 2385 Unde
969 2334 1106 2390 Salmasius,
1118 2335 1154 2397 τῷ
1168 2337 1193 2381 in
1202 2350 1246 2397 ge·

202 2402 243 2453 ted
256 2403 328 2453 eliter
342 2404 376 2454 ibi
391 2406 487 2472 scripti:
504 2409 597 2474 putavit
613 2408 638 2457 id
654 2410 699 2458 eibi
751 2408 848 2466 minoto,
871 2409 978 2466 feliciter,
1001 2418 1060 2456 teste
1077 2407 1195 2457 Gronovio
1221 2409 1247 2455 in

201 2475 271 2529 lime
286 2477 408 2529 Ausonius
426 2497 472 2529 non
487 2499 533 2531 uno
549 2482 610 2541 loco,
628 2492 700 2548 atque
751 2482 961 2532 observationibus
971 2484 1015 2531 lib.
1026 2480 1060 2529 iii.
1071 2499 1092 2529 c.
1104 2483 1129 2529 3.
1147 2497 1245 2546 repone,-

201 2547 267 2600 illnm
287 2552 374 2602 secuti.
396 2553 426 2603 de
448 2557 534 2620 quibus
555 2558 625 2606 Voce.
647 2558 700 2607 Art.
750 2559 799 2613 bnt,
813 2558 907 2606 l'romin
917 2560 1014 2606 invideo,
1032 2555 1101 2604 tertio
1111 2570 1167 2603 cusu
1178 2555 1247 2603 Grae·

202 2623 284 2675 Gn.
296 2625 339 2675 lit.
351 2626 377 2679 ii.
387 2644 413 2677 c.
422 2629 465 2678 2⁷.
480 2630 522 2679 red
532 2640 557 2679 et
567 2630 606 2680 hic
617 2632 641 2680 in
653 2632 701 2682 elia
750 2648 778 2680 co
798 2632 892 2697 plurali.
909 2631 942 2680 sic
959 2640 984 2680 et
1004 2630 1029 2678 in
1048 2628 1164 2677 Tristibus
1182 2627 1246 2678 idern

203 2698 281 2748 omnic
288 2698 416 2751 discedunt
427 2711 518 2753 veteres
525 2704 587 2763 libri,
600 2723 699 2771 quorum
750 2706 793 2753 lib.
805 2723 830 2752 v.
841 2705 880 2751 El.
890 2723 914 2752 v.

202 2773 322 2825 mulii:
782 2778 864 2827 Edidit
884 2779 929 2826 lucc
946 2791 1016 2823 moret
1033 2776 1082 2822 iltis
1099 2776 1198 2824 ltero'itin
1213 2792 1244 2824 ι·

232 2846 276 2896 Sed
291 2851 348 2912 puid
359 2865 399 2914 ego
413 2853 505 2899 revoco?
522 2853 601 2903 levum
616 2859 699 2917 procul
812 2868 873 2914 quos.

261 2926 422 2973 mamm.
683 2925 687 2938 '
749 2925 898 2975 Emendabit
907 2923 979 2972 etiem
987 2938 1050 2971 vere.
1061 2937 1116 2970 nem
1124 2936 1246 2986 perperam

203 2992 247 3045 vu
263 3013 342 3047 reuco
356 2998 412 3046 tre.
431 3006 456 3047 et
471 3015 551 3048 mum
571 3019 642 3058 aneu,
659 3004 699 3052 vel
749 2999 821 3063 vulgo
832 3001 934 3047 tercium
949 2996 1045 3062 legitur.
1062 2995 1096 3044 sic
1107 3002 1131 3043 et
1141 2995 1247 3060 Epistola

201 3071 245 3121 he
253 3088 341 3122 nmo.
356 3070 417 3123 elii:
748 3073 875 3122 Ariadnes.
887 3074 960 3125 c.‚³7.
972 3087 1002 3119 ex
1014 3068 1118 3135 vesn'giis
1129 3070 1246 3120 veterrimi

230 3144 276 3197 Sed
294 3150 352 3210 quid
365 3164 409 3212 ogo
431 3149 552 3196 reuocant?
574 3155 699 3201 revocantis
748 3146 838 3196 codicis
848 3147 906 3197 forte
917 3145 1091 3213 reponendum:

262 3224 436 3271 mutato.
782 3222 839 3276 Quis
859 3225 900 3270 scit
917 3240 948 3270 on
962 3230 985 3269 et
1010 3222 1071 3268 tevit
1086 3221 1179 3284 tigrium
1204 3221 1247 3268 iila

191 3292 255 3355 vd,
270 3313 345 3347 m
362 3295 410 3351 vel,
430 3312 493 3344 emen
506 3303 639 3347 revocantis.
658 3299 699 3348 clii
814 3298 891 3345 meet?
1123 3293 1214 3343 limus.

201 3368 276 3420 diter.
311 3371 375 3420 Puto
385 3369 548 3420 scribendum:
784 3371 838 3419 143.
856 3369 1034 3432 Producetque]
1061 3368 1193 3431 Educetque
1212 3376 1249 3416 est

230 3443 438 3510 &amurgam
448 3447 543 3493 reuoca?
553 3450 699 3496 revocaminis
748 3443 774 3492 in
783 3444 887 3493 editione
901 3443 985 3509 prime.
1002 3442 1044 3491 sed
1054 3458 1185 3508 perperam.
1204 3458 1246 3490 ne-

262 3536 328 3581 pueu
340 3521 429 3568 atam·
748 3535 796 3583 que
806 3519 878 3568 etiam
897 3527 959 3567 recte
975 3517 1035 3566 Ant.
1054 3516 1162 3574 Volscus,
1180 3525 1205 3564 et
1221 3525 1248 3564 ut

201 3590 309 3645 Viderint
331 3594 455 3650 acutiores,
474 3594 494 3643 si
509 3610 535 3642 se
558 3593 650 3645 felicius
669 3612 698 3644 ex
747 3593 818 3650 solet,
841 3592 954 3660 pessimas
975 3593 1023 3641 iere
1043 3589 1248 3656 interpretationes

200 3665 307 3719 hocloco
317 3667 457 3734 expediant.
491 3670 582 3719 Huius.
746 3684 860 3734 sequens.
905 3668 1027 3734 Crispinus
1045 3665 1156 3730 explicat.
1179 3667 1247 3729 longo

233 3743 290 3793 1³7.
309 3742 331 3793 Τ
330 3746 412 3792 rmum
432 3744 545 3807 invideo]
566 3744 699 3800 Σολοικίζιι
748 3745 944 3801 morodetiuebit3
962 3742 1096 3790 retardabit.
1114 3739 1177 3802 quod
1189 3739 1247 3802 quin

199 3814 250 3867 hue
259 3817 361 3883 vulgate
370 3817 456 3866 lectio:
475 3834 530 3865 nam
538 3817 597 3866 nihil
608 3818 639 3866 ad
651 3834 699 3866 rein
747 3822 872 3879 producere
881 3815 1009 3880 aliquando
1026 3821 1098 3867 notet,
1110 3811 1201 3858 nullum
1212 3822 1248 3859 est

198 3890 335 3959 &equod
341 3907 374 3941 ex
383 3885 468 3941 Tacito
476 3892 576 3941 adduxit
587 3891 700 3941 Cioianus
750 3889 865 3950 dubium;
881 3888 923 3938 sed
941 3897 997 3936 tunc
1016 3883 1104 3932 fraudis
1113 3882 1163 3929 iere
1175 3882 1247 3945 signi-

198 3965 267 4019 tini.
287 3967 502 4030 Nedostcsquidem
512 3970 699 4029 sepulturarum·
750 3964 883 4013 ficationem
906 3963 992 4009 habet:
1018 3958 1065 4012 hic,
1087 3966 1132 4012 est,
1154 3955 1248 4004 honoris

197 4044 282 4102 ssent,
292 4040 337 4092 nbi
350 4041 450 4091 muium
465 4041 699 4105 subintelligendum.
748 4054 833 4087 cenem
842 4034 999 4090 comitabitur,
1007 4042 1031 4080 et
1041 4039 1195 4096 prosequetur
1205 4047 1246 4078 ex-

194 4115 303 4169 ffino
314 4124 360 4167 eut
375 4115 513 4167 Pacuviano
525 4134 576 4168 tero
587 4115 701 4167 iuuisse.
750 4122 786 4162 ue
795 4112 890 4161 domum
896 4128 904 4169 ς
921 4118 947 4156 ut
957 4115 1021 4156 recte
1031 4103 1188 4157 llitbertinus.
1198 4105 1246 4155 Ve-

197 4189 243 4245 he
252 4190 355 4251 locutio,
365 4191 467 4243 Troadas
476 4195 578 4243 rovum
588 4207 619 4241 ex
630 4189 699 4241 Accii
747 4187 793 4236 ter.
804 4186 871 4234 Flac.
880 4201 904 4233 v·
916 4183 977 4231 ³82:
