2896 4980
194 360 240 426 2⁸
479 358 519 424 P.
541 356 701 425 ovlun
723 358 935 426 NASONIS

199 531 285 617 Qua
301 532 418 606 merui
435 532 547 629 culpe
560 531 640 607 fieri
656 532 725 605 tibi
741 532 837 619 vilis,
848 532 1018 608 Achille?

249 649 334 735 Quo
350 647 439 721 levis
456 647 602 721 anobis
618 656 696 721 tam
712 647 788 721 citu
804 647 898 745 fugit
914 649 1042 723 amori

199 760 260 835 An
277 765 431 838 miseros
447 764 561 837 tristis
578 763 726 837 fortuna
742 765 922 839 tenaciter
937 765 1096 862 urguet?

251 879 333 954 Nec
349 880 449 954 venit
465 881 625 979 inceptis
643 881 786 953 mollior
803 904 894 954 nura
910 881 1025 954 meis?

200 996 334 1071 Diruta
349 996 473 1071 Marte
489 1008 555 1071 tuo
573 996 754 1096 Lyrnesia
769 996 905 1071 moenie
920 996 1016 1070 vidi:
1186 1000 1240 1071 45

248 1110 299 1185 Et
314 1112 455 1186 sueram
473 1112 601 1210 putriae
619 1136 705 1210 pars
722 1136 793 1208 ego
809 1136 946 1209 magne
962 1136 1069 1185 meae.

198 1226 285 1301 Vidi
302 1252 372 1325 ego
389 1238 580 1301 consortes
598 1227 735 1325 pariter
753 1228 975 1325 generisque
992 1227 1174 1325 necisque

247 1344 340 1417 Tres
357 1344 538 1417 cecidisse
550 1370 558 1418 :
572 1344 701 1430 tribus,
713 1368 797 1441 quae
816 1343 918 1445 milui,
930 1354 1049 1417 meter
1065 1355 1158 1417 eret.

198 1457 284 1532 Vidi
302 1483 385 1556 ego,
405 1470 567 1556 quantus
585 1471 675 1546 erat,
686 1460 810 1533 susum
827 1460 959 1533 tellure
975 1471 1142 1547 cruenta,

250 1573 411 1648 Pectora
421 1577 627 1672 jactantem
645 1575 937 1672 sanguinolenta,
948 1575 1078 1648 virum.
1187 1580 1242 1651 50

198 1688 272 1763 Tot
287 1701 412 1763 tamen
429 1692 574 1765 amissis
591 1704 629 1767 te
646 1692 966 1790 compensavimus
984 1714 1111 1764 unum.

250 1803 307 1876 Tu
324 1805 507 1893 dominus,
518 1819 559 1880 tn
576 1808 641 1895 vir,
653 1819 694 1881 tu
712 1807 801 1880 mihi
819 1806 931 1879 frater
948 1829 1043 1879 eras.

199 1916 257 1990 Tu
275 1919 377 2006 mihi,
391 1922 536 2017 juretus
553 1946 620 2020 per
636 1924 788 1995 numina
806 1921 939 1995 Matris
957 1944 1120 2019 aquosae‚

251 2032 353 2107 Utile
370 2035 522 2108 dicebas
539 2036 619 2134 ipse
636 2036 749 2111 fuisse
767 2038 863 2135 capi.

206 2146 358 2221 Scilicet
374 2160 427 2235 ut,
439 2151 608 2246 quamvis
624 2152 769 2225 veniam
786 2153 924 2238 dotata,
936 2151 1115 2250 repellns3
1186 2156 1238 2227 55

251 2262 301 2337 Et
317 2288 463 2338 mecum
480 2266 613 2364 fugias,
624 2292 708 2364 quae
725 2268 793 2340 tibi
810 2268 956 2352 dentur,
967 2291 1071 2365 opes.

202 2378 302 2463 Quin
320 2382 433 2454 etiam
450 2382 549 2456 fame
564 2396 634 2471 est,
646 2408 732 2458 curn
749 2384 912 2457 crastina
927 2382 1070 2455 fulserit
1089 2380 1179 2467 Eos,

249 2496 303 2570 Te
321 2498 410 2571 dare
423 2500 598 2573 nubiferis
615 2501 715 2574 linen
728 2501 811 2573 vela
827 2498 936 2571 notis.

232 2697 272 2744 47.
302 2697 354 2744 i'idi
372 2698 499 2761 consortes]
529 2699 626 2747 Moliins
646 2710 691 2757 est,
740 2710 766 2749 ut
784 2701 852 2749 toties
870 2699 911 2747 elii
926 2701 960 2747 iris
976 2700 1048 2747 ocutis
1067 2700 1172 2762 ridi,egu
1190 2701 1239 2762 ipra

200 2769 261 2832 qnod
276 2769 300 2817 in
311 2769 402 2818 duobus
417 2770 482 2819 libris
496 2772 569 2821 hicet
583 2776 690 2837 sequenti
740 2776 796 2822 cidi.
814 2773 844 2821 de
860 2772 945 2837 quibus
961 2771 1060 2830 Quinct.
1069 2769 1119 2818 viii.
1137 2771 1198 2821 lust.
1210 2777 1238 2825 3.

199 2841 298 2891 disticho
309 2854 352 2900 est,
364 2847 410 2892 ridi
421 2864 470 2910 ego.
481 2846 514 2895 sic
525 2857 550 2895 et
561 2845 595 2894 iii.
608 2848 690 2896 Amor.
740 2846 870 2911 ticqnoque
879 2855 931 2911 post
938 2864 990 2909 ergo
997 2861 1059 2909 sepe
1067 2862 1107 2907 ego
1115 2844 1240 2911 repetitur,

128 2956 132 2961 .
197 2914 284 2965 iv.13.
741 2918 992 2983 v.ndx.Epist.ll9.
1025 2918 1114 2964 Burri.

233 2988 285 3036 Vidi
304 3006 345 3053 ego
366 3007 437 3051 ηιῳη
454 3009 535 3055 equum
552 3003 631 3041 contra
649 3011 690 3042 triu
775 2993 849 3055 siut]
870 2991 970 3049 Qnisut
985 2999 1051 3039 erant
1062 2989 1182 3054 conjuncti
1193 3008 1238 3057 gc-

263 3065 337 3110 uincia
349 3073 456 3113 tenucem.
740 3081 803 3119 nere,
812 3065 845 3113 ita
858 3065 951 3113 fuerunt
966 3063 1085 3128 conjuncti
1100 3080 1167 3120 nece,
1179 3065 1239 3131 quin

200 3146 230 3192 Et
241 3143 275 3191 iii.
284 3144 317 3191 ix.
332 3146 370 3193 13.
382 3162 410 3194 ex
422 3148 493 3196 MSS,
739 3137 809 3188 simul
823 3138 937 3187 interiecti
950 3146 1013 3186 sunt.
1028 3137 1094 3185 Hun.
1120 3137 1172 3186 i'idi
1182 3157 1237 3190 αιη.

236 3218 287 3264 i'idi
297 3235 335 3280 ego
344 3236 395 3266 cum
404 3221 497 3283 furibus
508 3224 577 3268 Iussus
592 3225 691 3284 prodita
740 3213 830 3275 uitta]
847 3213 905 3261 Tres
914 3211 995 3260 iratres
1011 3209 1175 3275 iiippodarnin
1186 3222 1239 3264 tru-

263 3300 359 3337 umutor.
741 3285 829 3333 uitiauit
839 3285 954 3333 Achilles.
968 3293 1033 3361 pateq
1044 3281 1122 3332 Brises
1137 3300 1238 3353 suspen.

200 3363 261 3409 Stet
272 3361 299 3408 ii.
309 3362 394 3410 situi.
408 3366 461 3413 101.
741 3357 957 3407 ‹liovinmfinivic
990 3356 1055 3404 Aur.

236 3436 286 3482 Vidi
299 3453 339 3497 ego
355 3446 475 3487 transertos
490 3441 564 3487 uiierru
579 3443 604 3487 iu
619 3443 695 3489 robure
774 3433 815 3480 50·
831 3431 932 3494 ''imm-J
950 3430 1073 3486 Minelem·
1089 3447 1159 3494 (luem
1178 3432 1238 3499 Lyt-

264 3525 344 3557 rumus.
743 3506 813 3553 nesius
824 3504 915 3553 Cilicis
926 3521 1002 3569 regem
1014 3504 1124 3553 diximus.
1158 3506 1226 3557 Aur.

200 3582 284 3630 liutai.
292 3580 327 3628 iii.
339 3581 369 3631 nl
381 3599 404 3629 v.
416 3584 458 3630 22.
775 3581 807 3627 5³
820 3580 865 3627 Per
876 3582 968 3627 numina
980 3582 1057 3628 uentris
1068 3580 1175 3646 uquam]
1189 3583 1237 3633 Per

263 3655 381 3701 —i'iur'
391 3674 431 3717 ego
441 3658 525 3703 ciuium
739 3652 864 3701 'lhetidem
876 3664 984 3701 matrem.

265 3726 357 3775 iteum
369 3737 431 3793 tergo
441 3730 531 3775 buchia
542 3729 618 3777 litem.
771 3729 812 3775 58.
821 3728 901 3775 Liuteu
911 3728 999 3789 plenu]
1008 3727 1180 3793 lieponcudnm
1187 3731 1234 3780 iiu-

199 3798 332 3865 Propertius
343 3799 368 3849 ii.
378 3800 497 3865 unguo.
740 3810 775 3847 teu
792 3801 855 3857 tuiis,
871 3799 904 3847 ric
923 3798 985 3847 eninr
1003 3809 1027 3847 et
1043 3817 1124 3849 sensus
1140 3811 1165 3849 ct
1180 3804 1237 3854 urdo

223 3872 273 3923 Vidi
280 3890 321 3939 ego
331 3885 353 3923 te
361 3877 386 3923 iu
395 3872 571 3939 mnirsractai,
578 3890 626 3921 mea
635 3875 690 3930 vitu,
740 3873 917 3921 cumtructiunis
940 3874 1051 3937 postulat.
1093 3876 1237 3927 nurerum.

262 3950 352 3998 cadat.
740 3946 830 3995 Notum
847 3946 935 3995 veriure
957 3946 995 3994 iiic
1016 3946 1094 4003 libros,
1115 3964 1169 3997 curn
1185 3950 1236 4011 eiii,

197 4020 268 4079 Quod
285 4020 364 4071 nescio
374 4036 417 4069 cur
432 4018 510 4069 minus
524 4016 595 4068 rnuile
612 4027 638 4067 ct
650 4034 690 4067 ve·
740 4035 823 4085 eoquo
830 4018 946 4067 edidimus
954 4018 1031 4076 modo,
1038 4019 1078 4068 ulii
1089 4024 1159 4069 lintea
1167 4025 1237 4085 piem

198 4102 291 4143 austum
320 4090 468 4145 emituit
495 4090 612 4149 viduetur,
635 4104 689 4141 curu
739 4092 828 4155 legunt.
860 4091 1235 4157 tigomnuumatiisuinentio.

197 4166 288 4232 pondus
298 4178 411 4235 pratum
420 4164 690 4235 sitiuprownimp.
739 4165 781 4233 qui
798 4182 827 4215 er
851 4175 948 4233 utraque
964 4164 1065 4217 lectione
1082 4182 1161 4217 veram
1178 4182 1235 4221 cou-
